@article{Bianconi2013,
  doi = {10.3109/03014460.2013.807878},
  url = {https://doi.org/10.3109/03014460.2013.807878},
  year = {2013},
  month = jul,
  publisher = {Informa {UK} Limited},
  volume = {40},
  number = {6},
  pages = {463--471},
  author = {Eva Bianconi and Allison Piovesan and Federica Facchin and Alina Beraudi and Raffaella Casadei and Flavia Frabetti and Lorenza Vitale and Maria Chiara Pelleri and Simone Tassani and Francesco Piva and Soledad Perez-Amodio and Pierluigi Strippoli and Silvia Canaider},
  title = {An estimation of the number of cells in the human body},
  journal = {Annals of Human Biology}
}

@article{Mammoto_2012,
        doi = {10.1242/jcs.093005},
        url = {https://doi.org/10.1242%2Fjcs.093005},
        year = 2012,
        month = jan,
        publisher = {The Company of Biologists},
        author = {Akiko Mammoto and Tadanori Mammoto and Donald E. Ingber},
        title = {Mechanosensitive mechanisms in transcriptional regulation},
        journal = {Journal of Cell Science}
}
@article{Cameron_1987,
        doi = {10.1101/gad.1.1.75},
        url = {https://doi.org/10.1101%2Fgad.1.1.75},
        year = 1987,
        month = mar,
        publisher = {Cold Spring Harbor Laboratory},
        volume = {1},
        number = {1},
        pages = {75--85},
        author = {R A Cameron and B R Hough-Evans and R J Britten and E H Davidson},
        title = {Lineage and fate of each blastomere of the eight-cell sea urchin embryo.},
        journal = {Genes \& Development}
}
@book{Cooper2000,
    url = {http://lib.ugent.be/catalog/ebk01:3450000000002155},
    year = 2000,
    publisher = {{Sinauer Associates}},
    author = {Cooper, Geoffrey M.},
    title = {The Cell: A Molecular Approach. 2nd edition}
}
@article{Li_2004,
        doi = {10.1016/j.biocel.2003.11.003},
        url = {https://doi.org/10.1016%2Fj.biocel.2003.11.003},
        year = 2004,
        month = aug,
        publisher = {Elsevier {BV}},
        volume = {36},
        number = {8},
        pages = {1411--1423},
        author = {Ya-Jun Li and Xiang-Hui Fu and De-Pei Liu and Chih-Chuan Liang},
        title = {Opening the chromatin for transcription},
        journal = {The International Journal of Biochemistry \& Cell Biology}
}
@article{McMahon_1984,
        doi = {10.1073/pnas.81.23.7490},
        url = {https://doi.org/10.1073%2Fpnas.81.23.7490},
        year = 1984,
        month = dec,
        publisher = {Proceedings of the National Academy of Sciences},
        volume = {81},
        number = {23},
        pages = {7490--7494},
        author = {A P McMahon and T J Novak and R J Britten and E H Davidson},
        title = {Inducible expression of a cloned heat shock fusion gene in sea urchin embryos.},
        journal = {Proceedings of the National Academy of Sciences}
}
@article{Gord_n_2009,
        doi = {10.1101/gr.094144.109},
        url = {https://doi.org/10.1101%2Fgr.094144.109},
        year = 2009,
        month = aug,
        publisher = {Cold Spring Harbor Laboratory},
        volume = {19},
        number = {11},
        pages = {2090--2100},
        author = {Raluca Gord{\^{a}}n and Alexander J. Hartemink and Martha L. Bulyk},
        title = {Distinguishing direct versus indirect transcription factor{    extendash}{DNA} interactions},
        journal = {Genome Research}
}
@article{Vaquerizas_2009,
        doi = {10.1038/nrg2538},
        url = {https://doi.org/10.1038%2Fnrg2538},
        year = 2009,
        month = apr,
        publisher = {Springer Science and Business Media {LLC}},
        volume = {10},
        number = {4},
        pages = {252--263},
        author = {Juan M. Vaquerizas and Sarah K. Kummerfeld and Sarah A. Teichmann and Nicholas M. Luscombe},
        title = {A census of human transcription factors: function, expression and evolution},
        journal = {Nature Reviews Genetics}
}
@article{Lambert_2018,
        doi = {10.1016/j.cell.2018.01.029},
        url = {https://doi.org/10.1016%2Fj.cell.2018.01.029},
        year = 2018,
        month = feb,
        publisher = {Elsevier {BV}},
        volume = {172},
        number = {4},
        pages = {650--665},
        author = {Samuel A. Lambert and Arttu Jolma and Laura F. Campitelli and Pratyush K. Das and Yimeng Yin and Mihai Albu and Xiaoting Chen and Jussi Taipale and Timothy R. Hughes and Matthew T. Weirauch},
        title = {The Human Transcription Factors},
        journal = {Cell}
}
@article{Nitta_2015,
        doi = {10.7554/elife.04837},
        url = {https://doi.org/10.7554%2Felife.04837},
        year = 2015,
        month = mar,
        publisher = {{eLife} Sciences Publications, Ltd},
        volume = {4},
        author = {Kazuhiro R Nitta and Arttu Jolma and Yimeng Yin and Ekaterina Morgunova and Teemu Kivioja and Junaid Akhtar and Korneel Hens and Jarkko Toivonen and Bart Deplancke and Eileen E M Furlong and Jussi Taipale},
        title = {Conservation of transcription factor binding specificities across 600 million years of bilateria evolution},
        journal = {{eLife}}
}
@article{Schmidt_2010,
        doi = {10.1126/science.1186176},
        url = {https://doi.org/10.1126%2Fscience.1186176},
        year = 2010,
        month = may,
        publisher = {American Association for the Advancement of Science ({AAAS})},
        volume = {328},
        number = {5981},
        pages = {1036--1040},
        author = {Dominic Schmidt and Michael D. Wilson and Benoit Ballester and Petra C. Schwalie and Gordon D. Brown and Aileen Marshall and Claudia Kutter and Stephen Watt and Celia P. Martinez-Jimenez and Sarah Mackay and Iannis Talianidis and Paul Flicek and Duncan T. Odom},
        title = {Five-Vertebrate {ChIP}-seq Reveals the Evolutionary Dynamics of Transcription Factor Binding},
        journal = {Science}
}
@article{Villar_2014,
        doi = {10.1038/nrg3481},
        url = {https://doi.org/10.1038%2Fnrg3481},
        year = 2014,
        month = mar,
        publisher = {Springer Science and Business Media {LLC}},
        volume = {15},
        number = {4},
        pages = {221--233},
        author = {Diego Villar and Paul Flicek and Duncan T. Odom},
        title = {Evolution of transcription factor binding in metazoans {       extemdash} mechanisms and functional implications},
        journal = {Nature Reviews Genetics}
}
@article{Levine_2005,
        doi = {10.1073/pnas.0408031102},
        url = {https://doi.org/10.1073%2Fpnas.0408031102},
        year = 2005,
        month = mar,
        publisher = {Proceedings of the National Academy of Sciences},
        volume = {102},
        number = {14},
        pages = {4936--4942},
        author = {Michael Levine and Eric H. Davidson},
        title = {Gene regulatory networks for development},
        journal = {Proceedings of the National Academy of Sciences}
}
@article{Avsec_2021,
        doi = {10.1038/s41588-021-00782-6},
        url = {https://doi.org/10.1038%2Fs41588-021-00782-6},
        year = 2021,
        month = feb,
        publisher = {Springer Science and Business Media {LLC}},
        volume = {53},
        number = {3},
        pages = {354--366},
        author = {{
                   {Z}}iga Avsec and Melanie Weilert and Avanti Shrikumar and Sabrina Krueger and Amr Alexandari and Khyati Dalal and Robin Fropf and Charles McAnany and Julien Gagneur and Anshul Kundaje and Julia Zeitlinger},
        title = {Base-resolution models of transcription-factor binding reveal soft motif syntax},
        journal = {Nature Genetics}
}
@article{Brown_2007,
        doi = {10.1126/science.1145893},
        url = {https://doi.org/10.1126%2Fscience.1145893},
        year = 2007,
        month = sep,
        publisher = {American Association for the Advancement of Science ({AAAS})},
        volume = {317},
        number = {5844},
        pages = {1557--1560},
        author = {Christopher D. Brown and David S. Johnson and Arend Sidow},
        title = {Functional Architecture and Evolution of Transcriptional Elements That Drive Gene Coexpression},
        journal = {Science}
}
@article{Farley_2016,
        doi = {10.1073/pnas.1605085113},
        url = {https://doi.org/10.1073%2Fpnas.1605085113},
        year = 2016,
        month = may,
        publisher = {Proceedings of the National Academy of Sciences},
        volume = {113},
        number = {23},
        pages = {6508--6513},
        author = {Emma K. Farley and Katrina M. Olson and Wei Zhang and Daniel S. Rokhsar and Michael S. Levine},
        title = {Syntax compensates for poor binding sites to encode tissue specificity of developmental enhancers},
        journal = {Proceedings of the National Academy of Sciences}
}
@article{Wong_2020,
        doi = {10.1126/science.aax8137},
        url = {https://doi.org/10.1126%2Fscience.aax8137},
        year = 2020,
        month = nov,
        publisher = {American Association for the Advancement of Science ({AAAS})},
        volume = {370},
        number = {6517},
        author = {Emily S. Wong and Dawei Zheng and Siew Z. Tan and Neil I. Bower and Victoria Garside and Gilles Vanwalleghem and Federico Gaiti and Ethan Scott and Benjamin M. Hogan and Kazu Kikuchi and Edwina McGlinn and Mathias Francois and Bernard M. Degnan},
        title = {Deep conservation of the enhancer regulatory code in animals},
        journal = {Science}
}
@article{Zeitlinger_2020,
        doi = {10.1016/j.coisb.2020.08.002},
        url = {https://doi.org/10.1016%2Fj.coisb.2020.08.002},
        year = 2020,
        month = oct,
        publisher = {Elsevier {BV}},
        volume = {23},
        pages = {22--31},
        author = {Julia Zeitlinger},
        title = {Seven myths of how transcription factors read the cis-regulatory code},
        journal = {Current Opinion in Systems Biology}
}
@article{Martindale_2005,
        doi = {10.1038/nrg1725},
        url = {https://doi.org/10.1038%2Fnrg1725},
        year = 2005,
        month = nov,
        publisher = {Springer Science and Business Media {LLC}},
        volume = {6},
        number = {12},
        pages = {917--927},
        author = {Mark Q. Martindale},
        title = {The evolution of metazoan axial properties},
        journal = {Nature Reviews Genetics}
}
@article{Britten_1969,
        doi = {10.1126/science.165.3891.349},
        url = {https://doi.org/10.1126%2Fscience.165.3891.349},
        year = 1969,
        month = jul,
        publisher = {American Association for the Advancement of Science ({AAAS})},
        volume = {165},
        number = {3891},
        pages = {349--357},
        author = {Roy J. Britten and Eric H. Davidson},
        title = {Gene Regulation for Higher Cells: A Theory},
        journal = {Science}
}
@article{Davidson_2002,
        doi = {10.1006/dbio.2002.0635},
        url = {https://doi.org/10.1006%2Fdbio.2002.0635},
        year = 2002,
        month = jun,
        publisher = {Elsevier {BV}},
        volume = {246},
        number = {1},
        pages = {162--190},
        author = {Eric H. Davidson and Jonathan P. Rast and Paola Oliveri and Andrew Ransick and Cristina Calestani and Chiou-Hwa Yuh and Takuya Minokawa and Gabriele Amore and Veronica Hinman and C{'{e}}sar Arenas-Mena and Ochan Otim and C.Titus Brown and Carolina B. Livi and Pei Yun Lee and Roger Revilla and Maria J. Schilstra and Peter J.C. Clarke and Alistair G. Rust and Zhengjun Pan and Maria I. Arnone and Lee Rowen and R.Andrew Cameron and David R. McClay and Leroy Hood and Hamid Bolouri},
        title = {A Provisional Regulatory Gene Network for Specification of Endomesoderm in the Sea Urchin Embryo},
        journal = {Developmental Biology}
}
@article{Cary_2020,
        doi = {10.1038/s41467-020-20023-4},
        url = {https://doi.org/10.1038%2Fs41467-020-20023-4},
        year = 2020,
        month = dec,
        publisher = {Springer Science and Business Media {LLC}},
        volume = {11},
        number = {1},
        author = {Gregory A. Cary and Brenna S. McCauley and Olga Zueva and Joseph Pattinato and William Longabaugh and Veronica F. Hinman},
        title = {Systematic comparison of sea urchin and sea star developmental gene regulatory networks explains how novelty is incorporated in early development},
        journal = {Nature Communications}
}
@article{Peter_2011,
        doi = {10.1038/nature10100},
        url = {https://doi.org/10.1038%2Fnature10100},
        year = 2011,
        month = may,
        publisher = {Springer Science and Business Media {LLC}},
        volume = {474},
        number = {7353},
        pages = {635--639},
        author = {Isabelle S. Peter and Eric H. Davidson},
        title = {A gene regulatory network controlling the embryonic specification of endoderm},
        journal = {Nature}
}
@article{Saudemont_2010,
        doi = {10.1371/journal.pgen.1001259},
        url = {https://doi.org/10.1371%2Fjournal.pgen.1001259},
        year = 2010,
        month = dec,
        publisher = {Public Library of Science ({PLoS})},
        volume = {6},
        number = {12},
        pages = {e1001259},
        author = {Alexandra Saudemont and Emmanuel Haillot and Flavien Mekpoh and Nathalie Bessodes and Magali Quirin and Fran{\c{c}}ois Lapraz and V{'{e}}ronique Duboc and Eric Röttinger and Ryan Range and Arnaud Oisel and Lydia Besnardeau and Patrick Wincker and Thierry Lepage},
        editor = {Mark Martindale},
        title = {Ancestral Regulatory Circuits Governing Ectoderm Patterning Downstream of Nodal and {BMP}2/4 Revealed by Gene Regulatory Network Analysis in an Echinoderm},
        journal = {{PLoS} Genetics}
}
@article{Charney_2017,
        doi = {10.1016/j.semcdb.2017.03.003},
        url = {https://doi.org/10.1016%2Fj.semcdb.2017.03.003},
        year = 2017,
        month = jun,
        publisher = {Elsevier {BV}},
        volume = {66},
        pages = {12--24},
        author = {Rebekah M. Charney and Kitt D. Paraiso and Ira L. Blitz and Ken W.Y. Cho},
        title = {A gene regulatory program controlling early Xenopus mesendoderm formation: Network conservation and motifs},
        journal = {Seminars in Cell \& Developmental Biology}
}
@article{Koide_2005,
        doi = {10.1073/pnas.0408125102},
        url = {https://doi.org/10.1073%2Fpnas.0408125102},
        year = 2005,
        month = mar,
        publisher = {Proceedings of the National Academy of Sciences},
        volume = {102},
        number = {14},
        pages = {4943--4948},
        author = {Tetsuya Koide and Tadayoshi Hayata and Ken W. Y. Cho},
        title = {Xenopus as a model system to study transcriptional regulatory networks},
        journal = {Proceedings of the National Academy of Sciences}
}
@article{Rankin_2011,
        doi = {10.1016/j.ydbio.2010.11.037},
        url = {https://doi.org/10.1016%2Fj.ydbio.2010.11.037},
        year = 2011,
        month = mar,
        publisher = {Elsevier {BV}},
        volume = {351},
        number = {2},
        pages = {297--310},
        author = {Scott A. Rankin and Jay Kormish and Matt Kofron and Anil Jegga and Aaron M. Zorn},
        title = {A gene regulatory network controlling hhex transcription in the anterior endoderm of the organizer},
        journal = {Developmental Biology}
}
@article{Sinner_2006,
        doi = {10.1242/dev.02358},
        url = {https://doi.org/10.1242%2Fdev.02358},
        year = 2006,
        month = may,
        publisher = {The Company of Biologists},
        volume = {133},
        number = {10},
        pages = {1955--1966},
        author = {D'ebora Sinner and Pavel Kirilenko and Scott Rankin and Eric Wei and Laura Howard and Matthew Kofron and Janet Heasman and Hugh R. Woodland and Aaron M. Zorn},
        title = {Global analysis of the transcriptional network controlling Xenopus endoderm formation},
        journal = {Development}
}
@article{Lukoseviciute_2018,
        doi = {10.1016/j.devcel.2018.11.009},
        url = {https://doi.org/10.1016%2Fj.devcel.2018.11.009},
        year = 2018,
        month = dec,
        publisher = {Elsevier {BV}},
        volume = {47},
        number = {5},
        pages = {608--628.e6},
        author = {Martyna Lukoseviciute and Daria Gavriouchkina and Ruth M. Williams and Tatiana Hochgreb-Hagele and Upeka Senanayake and Vanessa Chong-Morrison and Supat Thongjuea and Emmanouela Repapi and Adam Mead and Tatjana Sauka-Spengler},
        title = {From Pioneer to Repressor: Bimodal foxd3 Activity Dynamically Remodels Neural Crest Regulatory Landscape In Vivo},
        journal = {Developmental Cell}
}
@article{Williams_2019,
        doi = {10.1016/j.devcel.2019.10.003},
        url = {https://doi.org/10.1016%2Fj.devcel.2019.10.003},
        year = 2019,
        month = oct,
        publisher = {Elsevier {BV}},
        volume = {51},
        number = {2},
        pages = {255--276.e7},
        author = {Ruth M. Williams and Ivan Candido-Ferreira and Emmanouela Repapi and Daria Gavriouchkina and Upeka Senanayake and Irving T.C. Ling and Jelena Telenius and Stephen Taylor and Jim Hughes and Tatjana Sauka-Spengler},
        title = {Reconstruction of the Global Neural Crest Gene Regulatory Network In~Vivo},
        journal = {Developmental Cell}
}
@article{Jaeger_2010,
        doi = {10.1007/s00018-010-0536-y},
        url = {https://doi.org/10.1007%2Fs00018-010-0536-y},
        year = 2010,
        month = oct,
        publisher = {Springer Science and Business Media {LLC}},
        volume = {68},
        number = {2},
        pages = {243--274},
        author = {Johannes Jaeger},
        title = {The gap gene network},
        journal = {Cellular and Molecular Life Sciences}
}
@article{Kueh_2011,
        doi = {10.1002/wsbm.162},
        url = {https://doi.org/10.1002%2Fwsbm.162},
        year = 2011,
        month = oct,
        publisher = {Wiley},
        volume = {4},
        number = {1},
        pages = {79--102},
        author = {Hao Yuan Kueh and Ellen V. Rothenberg},
        title = {Regulatory gene network circuits underlying T cell development from multipotent progenitors},
        journal = {{WIREs} Systems Biology and Medicine}
}
@article{Pimanda_2010,
        doi = {10.1387/ijdb.093038jp},
        url = {https://doi.org/10.1387%2Fijdb.093038jp},
        year = 2010,
        publisher = {{UPV}/{EHU} Press},
        volume = {54},
        number = {6-7},
        pages = {1201--1211},
        author = {John E. Pimanda and Berthold Gttgens},
        title = {Gene regulatory networks governing haematopoietic stem cell development and identity},
        journal = {The International Journal of Developmental Biology}
}
@article{Singh_2014,
        doi = {10.1016/j.it.2014.03.006},
        url = {https://doi.org/10.1016%2Fj.it.2014.03.006},
        year = 2014,
        month = may,
        publisher = {Elsevier {BV}},
        volume = {35},
        number = {5},
        pages = {211--218},
        author = {Harinder Singh and Aly A. Khan and Aaron R. Dinner},
        title = {Gene regulatory networks in the immune system},
        journal = {Trends in Immunology}
}
@article{Ryan_2019,
        doi = {10.1002/wsbm.1467},
        url = {https://doi.org/10.1002%2Fwsbm.1467},
        year = 2019,
        month = dec,
        publisher = {Wiley},
        volume = {12},
        number = {2},
        author = {Genevieve E. Ryan and Emma K. Farley},
        title = {Functional genomic approaches to elucidate the role of enhancers during development},
        journal = {{WIREs} Systems Biology and Medicine}
}
@article{2012,
        doi = {10.1038/nature11247},
        url = {https://doi.org/10.1038%2Fnature11247},
        year = 2012,
        month = sep,
        publisher = {Springer Science and Business Media {LLC}},
        volume = {489},
        number = {7414},
        pages = {57--74},
        title = {An integrated encyclopedia of {DNA} elements in the human genome},
        journal = {Nature}
}
@article{Ideker_2001,
        doi = {10.1126/science.292.5518.929},
        url = {https://doi.org/10.1126%2Fscience.292.5518.929},
        year = 2001,
        month = may,
        publisher = {American Association for the Advancement of Science ({AAAS})},
        volume = {292},
        number = {5518},
        pages = {929--934},
        author = {Trey Ideker and Vesteinn Thorsson and Jeffrey A. Ranish and Rowan Christmas and Jeremy Buhler and Jimmy K. Eng and Roger Bumgarner and David R. Goodlett and Ruedi Aebersold and Leroy Hood},
        title = {Integrated Genomic and Proteomic Analyses of a Systematically Perturbed Metabolic Network},
        journal = {Science}
}
@article{Allocco_2004,
        doi = {10.1186/1471-2105-5-18},
        url = {https://doi.org/10.1186%2F1471-2105-5-18},
        year = 2004,
        publisher = {Springer Science and Business Media {LLC}},
        volume = {5},
        number = {1},
        pages = {18},
        author = {Dominic J Allocco and Isaac S Kohane and Atul J Butte},
        journal = {{BMC} Bioinformatics}
}
@article{Eisen_1998,
        doi = {10.1073/pnas.95.25.14863},
        url = {https://doi.org/10.1073%2Fpnas.95.25.14863},
        year = 1998,
        month = dec,
        publisher = {Proceedings of the National Academy of Sciences},
        volume = {95},
        number = {25},
        pages = {14863--14868},
        author = {Michael B. Eisen and Paul T. Spellman and Patrick O. Brown and David Botstein},
        title = {Cluster analysis and display of genome-wide expression patterns},
        journal = {Proceedings of the National Academy of Sciences}
}
@article{Zhang_2005,
        doi = {10.2202/1544-6115.1128},
        url = {https://doi.org/10.2202%2F1544-6115.1128},
        year = 2005,
        month = jan,
        publisher = {Walter de Gruyter {GmbH}},
        volume = {4},
        number = {1},
        author = {Bin Zhang and Steve Horvath},
        title = {A General Framework for Weighted Gene Co-Expression Network Analysis},
        journal = {Statistical Applications in Genetics and Molecular Biology}
}
@article{Margolin_2006,
        doi = {10.1186/1471-2105-7-s1-s7},
        url = {https://doi.org/10.1186%2F1471-2105-7-s1-s7},
        year = 2006,
        month = mar,
        publisher = {Springer Science and Business Media {LLC}},
        volume = {7},
        number = {S1},
        author = {Adam A Margolin and Ilya Nemenman and Katia Basso and Chris Wiggins and Gustavo Stolovitzky and Riccardo Dalla Favera and Andrea Califano},
        title = {{ARACNE}: An Algorithm for the Reconstruction of Gene Regulatory Networks in a Mammalian Cellular Context},
        journal = {{BMC} Bioinformatics}
}
@article{Chasman_2017,
        doi = {10.1016/j.coisb.2017.04.001},
        url = {https://doi.org/10.1016%2Fj.coisb.2017.04.001},
        year = 2017,
        month = apr,
        publisher = {Elsevier {BV}},
        volume = {2},
        pages = {130--139},
        author = {Deborah Chasman and Sushmita Roy},
        title = {Inference of cell type specific regulatory networks on mammalian lineages},
        journal = {Current Opinion in Systems Biology}
}
@article{Delgado_2019,
        doi = {10.1016/j.artmed.2018.10.006},
        url = {https://doi.org/10.1016%2Fj.artmed.2018.10.006},
        year = 2019,
        month = apr,
        publisher = {Elsevier {BV}},
        volume = {95},
        pages = {133--145},
        author = {Fernando M. Delgado and Francisco G{'{o}}mez-Vela},
        title = {Computational methods for Gene Regulatory Networks reconstruction and analysis: A review},
        journal = {Artificial Intelligence in Medicine}
}
@article{Mercatelli_2020,
        doi = {10.1016/j.bbagrm.2019.194430},
        url = {https://doi.org/10.1016%2Fj.bbagrm.2019.194430},
        year = 2020,
        month = jun,
        publisher = {Elsevier {BV}},
        volume = {1863},
        number = {6},
        pages = {194430},
        author = {Daniele Mercatelli and Laura Scalambra and Luca Triboli and Forest Ray and Federico M. Giorgi},
        title = {Gene regulatory network inference resources: A practical overview},
        journal = {Biochimica et Biophysica Acta ({BBA}) - Gene Regulatory Mechanisms}
}
@article{Robertson_2007,
        doi = {10.1038/nmeth1068},
        url = {https://doi.org/10.1038%2Fnmeth1068},
        year = 2007,
        month = jun,
        publisher = {Springer Science and Business Media {LLC}},
        volume = {4},
        number = {8},
        pages = {651--657},
        author = {Gordon Robertson and Martin Hirst and Matthew Bainbridge and Misha Bilenky and Yongjun Zhao and Thomas Zeng and Ghia Euskirchen and Bridget Bernier and Richard Varhol and Allen Delaney and Nina Thiessen and Obi L Griffith and Ann He and Marco Marra and Michael Snyder and Steven Jones},
        title = {Genome-wide profiles of {STAT}1 {DNA} association using chromatin immunoprecipitation and massively parallel sequencing},
        journal = {Nature Methods}
}
@article{He_2015,
        doi = {10.1038/nbt.3121},
        url = {https://doi.org/10.1038%2Fnbt.3121},
        year = 2015,
        month = mar,
        publisher = {Springer Science and Business Media {LLC}},
        volume = {33},
        number = {4},
        pages = {395--401},
        author = {Qiye He and Jeff Johnston and Julia Zeitlinger},
        title = {{ChIP}-nexus enables improved detection of in vivo transcription factor binding footprints},
        journal = {Nature Biotechnology}
}
@article{Rhee_2011,
        doi = {10.1016/j.cell.2011.11.013},
        url = {https://doi.org/10.1016%2Fj.cell.2011.11.013},
        year = 2011,
        month = dec,
        publisher = {Elsevier {BV}},
        volume = {147},
        number = {6},
        pages = {1408--1419},
        author = {Ho~Sung Rhee and B.~Franklin Pugh},
        title = {Comprehensive Genome-wide Protein-{DNA} Interactions Detected at Single-Nucleotide Resolution},
        journal = {Cell}
}
@article{Kaya_Okur_2019,
        doi = {10.1038/s41467-019-09982-5},
        url = {https://doi.org/10.1038%2Fs41467-019-09982-5},
        year = 2019,
        month = apr,
        publisher = {Springer Science and Business Media {LLC}},
        volume = {10},
        number = {1},
        author = {Hatice S. Kaya-Okur and Steven J. Wu and Christine A. Codomo and Erica S. Pledger and Terri D. Bryson and Jorja G. Henikoff and Kami Ahmad and Steven Henikoff},
        title = {{CUT}\&Tag for efficient epigenomic profiling of small samples and single cells},
        journal = {Nature Communications}
}
@article{Keilwagen_2019,
        doi = {10.1186/s13059-018-1614-y},
        url = {https://doi.org/10.1186%2Fs13059-018-1614-y},
        year = 2019,
        month = jan,
        publisher = {Springer Science and Business Media {LLC}},
        volume = {20},
        number = {1},
        author = {Jens Keilwagen and Stefan Posch and Jan Grau},
        title = {Accurate prediction of cell type-specific transcription factor binding},
        journal = {Genome Biology}
}
@article{Li_2018,
        doi = {10.1101/gr.237156.118},
        url = {https://doi.org/10.1101%2Fgr.237156.118},
        year = 2018,
        month = dec,
        publisher = {Cold Spring Harbor Laboratory},
        volume = {29},
        number = {2},
        pages = {281--292},
        author = {Hongyang Li and Daniel Quang and Yuanfang Guan},
        title = {Anchor: trans-cell type prediction of transcription factor binding sites},
        journal = {Genome Research}
}
@article{Quang_2019,
        doi = {10.1016/j.ymeth.2019.03.020},
        url = {https://doi.org/10.1016%2Fj.ymeth.2019.03.020},
        year = 2019,
        month = aug,
        publisher = {Elsevier {BV}},
        volume = {166},
        pages = {40--47},
        author = {Daniel Quang and Xiaohui Xie},
        title = {{FactorNet}: A deep learning framework for predicting cell type specific transcription factor binding from nucleotide-resolution sequential data},
        journal = {Methods}
}
@article{Chen_2021,
        doi = {10.1186/s12859-020-03952-1},
        url = {https://doi.org/10.1186%2Fs12859-020-03952-1},
        year = 2021,
        month = feb,
        publisher = {Springer Science and Business Media {LLC}},
        volume = {22},
        number = {1},
        author = {Chen Chen and Jie Hou and Xiaowen Shi and Hua Yang and James A. Birchler and Jianlin Cheng},
        title = {{DeepGRN}: prediction of transcription factor binding site across cell-types using attention-based deep neural networks},
        journal = {{BMC} Bioinformatics}
}
@article{Mariani_2020,
        doi = {10.1101/gr.260877.120},
        url = {https://doi.org/10.1101%2Fgr.260877.120},
        year = 2020,
        month = may,
        publisher = {Cold Spring Harbor Laboratory},
        volume = {30},
        number = {5},
        pages = {736--748},
        author = {Luca Mariani and Kathryn Weinand and Stephen S. Gisselbrecht and Martha L. Bulyk},
        title = {{MEDEA}: analysis of transcription factor binding motifs in accessible chromatin},
        journal = {Genome Research}
}
@article{Li_2021,
        doi = {10.1101/gr.269613.120},
        url = {https://doi.org/10.1101%2Fgr.269613.120},
        year = 2021,
        month = mar,
        publisher = {Cold Spring Harbor Laboratory},
        volume = {31},
        number = {4},
        pages = {721--731},
        author = {Hongyang Li and Yuanfang Guan},
        title = {Fast decoding cell type{       extendash}specific transcription factor binding landscape at single-nucleotide resolution},
        journal = {Genome Research}
}
@article{Bruse_2018,
        doi = {10.1101/474403},
        url = {https://doi.org/10.1101%2F474403},
        year = 2018,
        month = nov,
        publisher = {Cold Spring Harbor Laboratory},
        author = {Niklas Bruse and Simon J. van Heeringen},
        title = {{GimmeMotifs}: an analysis framework for transcription factor motif analysis}
}
@article{Schreiber_2020,
        doi = {10.1186/s13059-020-01978-5},
        url = {https://doi.org/10.1186%2Fs13059-020-01978-5},
        year = 2020,
        month = mar,
        publisher = {Springer Science and Business Media {LLC}},
        volume = {21},
        number = {1},
        author = {Jacob Schreiber and Jeffrey Bilmes and William Stafford Noble},
        title = {Completing the {ENCODE}3 compendium yields accurate imputations across a variety of assays and human biosamples},
        journal = {Genome Biology}
}
@inproceedings{Cheng2022,
  doi = {10.1109/icccs55155.2022.9846215},
  url = {https://doi.org/10.1109/icccs55155.2022.9846215},
  year = {2022},
  month = apr,
  publisher = {{IEEE}},
  author = {Jiandong Cheng and Mengdi Xu and Yirong Liu and Wei Huang},
  title = {{AttBind}: Prediction of Transcription Factor Binding Sites Across Cell-types Based on Attention Mechanism},
  booktitle = {2022 7th International Conference on Computer and Communication Systems ({ICCCS})}
}
@article{Behjati_Ardakani_2019,
        doi = {10.12688/f1000research.16200.2},
        url = {https://doi.org/10.12688%2Ff1000research.16200.2},
        year = 2019,
        month = sep,
        publisher = {F1000 Research Ltd},
        volume = {7},
        pages = {1603},
        author = {Fatemeh Behjati Ardakani and Florian Schmidt and Marcel H. Schulz},
        title = {Predicting transcription factor binding using ensemble random forest models},
        journal = {F1000Research}
}
@misc{https://doi.org/10.48550/arxiv.2112.07571,
  doi = {10.48550/ARXIV.2112.07571},
  url = {https://arxiv.org/abs/2112.07571},
  author = {Trotter, Meredith V. and Nguyen, Cuong Q. and Young, Stephen and Woodruff, Rob T. and Branson, Kim M.},
  keywords = {Machine Learning (cs.LG), Genomics (q-bio.GN), FOS: Computer and information sciences, FOS: Computer and information sciences, FOS: Biological sciences, FOS: Biological sciences},
  title = {Epigenomic language models powered by Cerebras},
  publisher = {arXiv},
  year = {2021},
  copyright = {Creative Commons Attribution Non Commercial No Derivatives 4.0 International}
}

@article{Yi_2022,
        doi = {10.1093/bioinformatics/btac569},
        url = {https://doi.org/10.1093%2Fbioinformatics%2Fbtac569},
        year = 2022,
        month = aug,
        publisher = {Oxford University Press ({OUP})},
        volume = {38},
        number = {20},
        pages = {4762--4770},
        author = {Ren Yi and Kyunghyun Cho and Richard Bonneau},
        editor = {Anthony Mathelier},
        title = {{NetTIME}: a multitask and base-pair resolution framework for improved transcription factor binding site prediction},
        journal = {Bioinformatics}
}
@article{Pap_2021,
        doi = {10.1088/1742-6596/1824/1/012001},
        url = {https://doi.org/10.1088%2F1742-6596%2F1824%2F1%2F012001},
        year = 2021,
        month = mar,
        publisher = {{IOP} Publishing},
        volume = {1824},
        number = {1},
        pages = {012001},
        author = {Gergely Pap and Györgyp{'{a}}l Zolt{'{a}}n and Kriszti{'{a}}n {'{A}}d{'{a}}m and L{'{a}}szl{'{o}} T{'{o}}th and Zolt{'{a}}n Heged{\H{u}}s},
        title = {Transcription factor binding site detection using convolutional neural networks with a functional group-based data representation},
        journal = {Journal of Physics: Conference Series}
}
@article{Karimzadeh_2022,
        doi = {10.1186/s13059-022-02690-2},
        url = {https://doi.org/10.1186%2Fs13059-022-02690-2},
        year = 2022,
        month = jun,
        publisher = {Springer Science and Business Media {LLC}},
        volume = {23},
        number = {1},
        author = {Mehran Karimzadeh and Michael M. Hoffman},
        title = {Virtual {ChIP}-seq: predicting transcription factor binding by learning from the transcriptome},
        journal = {Genome Biology}
}
@article{Koo_2020,
        doi = {10.1016/j.coisb.2020.04.001},
        url = {https://doi.org/10.1016%2Fj.coisb.2020.04.001},
        year = 2020,
        month = feb,
        publisher = {Elsevier {BV}},
        volume = {19},
        pages = {16--23},
        author = {Peter K. Koo and Matt Ploenzke},
        title = {Deep learning for inferring transcription factor binding sites},
        journal = {Current Opinion in Systems Biology}
}
@misc{https://doi.org/10.7303/syn6131484,
  doi = {10.7303/SYN6131484},
  url = {https://repo-prod.prod.sagebase.org/repo/v1/doi/locate?id=syn6131484&type=ENTITY},
  author = {{(Author Name Not Available)}},
  title = {ENCODE-DREAM in vivo Transcription Factor Binding Site Prediction Challenge},
  publisher = {Synapse},
  year = {2018}
}

@article{Cochran_2022,
        doi = {10.1101/gr.275394.121},
        url = {https://doi.org/10.1101%2Fgr.275394.121},
        year = 2022,
        month = jan,
        publisher = {Cold Spring Harbor Laboratory},
        volume = {32},
        number = {3},
        pages = {512--523},
        author = {Kelly Cochran and Divyanshi Srivastava and Avanti Shrikumar and Akshay Balsubramani and Ross C. Hardison and Anshul Kundaje and Shaun Mahony},
        title = {Domain-adaptive neural networks improve cross-species prediction of transcription factor binding},
        journal = {Genome Research}
}
@article{Boyle_2008,
        doi = {10.1016/j.cell.2007.12.014},
        url = {https://doi.org/10.1016%2Fj.cell.2007.12.014},
        year = 2008,
        month = jan,
        publisher = {Elsevier {BV}},
        volume = {132},
        number = {2},
        pages = {311--322},
        author = {Alan P. Boyle and Sean Davis and Hennady P. Shulha and Paul Meltzer and Elliott H. Margulies and Zhiping Weng and Terrence S. Furey and Gregory E. Crawford},
        title = {High-Resolution Mapping and~Characterization of Open Chromatin across the Genome},
        journal = {Cell}
}
@article{Buenrostro_2013,
        doi = {10.1038/nmeth.2688},
        url = {https://doi.org/10.1038%2Fnmeth.2688},
        year = 2013,
        month = oct,
        publisher = {Springer Science and Business Media {LLC}},
        volume = {10},
        number = {12},
        pages = {1213--1218},
        author = {Jason D Buenrostro and Paul G Giresi and Lisa C Zaba and Howard Y Chang and William J Greenleaf},
        title = {Transposition of native chromatin for fast and sensitive epigenomic profiling of open chromatin, {DNA}-binding proteins and nucleosome position},
        journal = {Nature Methods}
}
@article{Buenrostro_2015,
        doi = {10.1002/0471142727.mb2129s109},
        url = {https://doi.org/10.1002%2F0471142727.mb2129s109},
        year = 2015,
        month = jan,
        publisher = {Wiley},
        volume = {109},
        number = {1},
        author = {Jason D. Buenrostro and Beijing Wu and Howard Y. Chang and William J. Greenleaf},
        title = {{ATAC}-seq: A Method for Assaying Chromatin Accessibility Genome-Wide},
        journal = {Current Protocols in Molecular Biology}
}
@article{Seb_Pedr_s_2018,
        doi = {10.1016/j.cell.2018.05.019},
        url = {https://doi.org/10.1016%2Fj.cell.2018.05.019},
        year = 2018,
        month = may,
        publisher = {Elsevier {BV}},
        volume = {173},
        number = {6},
        pages = {1520--1534.e20},
        author = {Arnau Seb{'{e}}-Pedr{'{o}}s and Baptiste Saudemont and Elad Chomsky and Flora Plessier and Marie-Pierre Mailh{'{e}} and Justine Renno and Yann Loe-Mie and Aviezer Lifshitz and Zohar Mukamel and Sandrine Schmutz and Sophie Novault and Patrick R.H. Steinmetz and Fran{\c{c}}ois Spitz and Amos Tanay and Heather Marlow},
        title = {Cnidarian Cell Type Diversity and Regulation Revealed by Whole-Organism Single-Cell {RNA}-Seq},
        journal = {Cell}
}
@article{Uesaka_2019,
        doi = {10.1186/s40851-019-0148-9},
        url = {https://doi.org/10.1186%2Fs40851-019-0148-9},
        year = 2019,
        month = nov,
        publisher = {Springer Science and Business Media {LLC}},
        volume = {5},
        number = {1},
        author = {Masahiro Uesaka and Shigeru Kuratani and Hiroyuki Takeda and Naoki Irie},
        title = {Recapitulation-like developmental transitions of chromatin accessibility in vertebrates},
        journal = {Zoological Letters}
}
@article{P_lfy_2020,
        doi = {10.1371/journal.pgen.1008546},
        url = {https://doi.org/10.1371%2Fjournal.pgen.1008546},
        year = 2020,
        month = jan,
        publisher = {Public Library of Science ({PLoS})},
        volume = {16},
        number = {1},
        pages = {e1008546},
        author = {M{'{a}}t{'{e}} P{'{a}}lfy and Gunnar Schulze and Eivind Valen and Nadine L. Vastenhouw},
        editor = {A. Aziz Aboobaker},
        title = {Chromatin accessibility established by Pou5f3, Sox19b and Nanog primes genes for activity during zebrafish genome activation},
        journal = {{PLOS} Genetics}
}
@article{Shashikant_2018,
        doi = {10.1186/s12864-018-4542-z},
        url = {https://doi.org/10.1186%2Fs12864-018-4542-z},
        year = 2018,
        month = mar,
        publisher = {Springer Science and Business Media {LLC}},
        volume = {19},
        number = {1},
        author = {Tanvi Shashikant and Jian Ming Khor and Charles A. Ettensohn},
        title = {Global analysis of primary mesenchyme cell cis-regulatory modules by chromatin accessibility profiling},
        journal = {{BMC} Genomics}
}
@article{Madgwick_2019,
        doi = {10.1016/j.ydbio.2019.01.003},
        url = {https://doi.org/10.1016%2Fj.ydbio.2019.01.003},
        year = 2019,
        month = apr,
        publisher = {Elsevier {BV}},
        volume = {448},
        number = {2},
        pages = {71--87},
        author = {Alicia Madgwick and Marta Silvia Magri and Christelle Dantec and Damien Gailly and Ulla-Maj Fiuza and L{'{e}}o Guignard and Sabrina Hettinger and Jose Luis Gomez-Skarmeta and Patrick Lemaire},
        title = {Evolution of embryonic cis-regulatory landscapes between divergent Phallusia and Ciona ascidians},
        journal = {Developmental Biology}
}
@article{Esmaeili_2020,
        doi = {10.1016/j.ydbio.2020.02.013},
        url = {https://doi.org/10.1016%2Fj.ydbio.2020.02.013},
        year = 2020,
        month = jun,
        publisher = {Elsevier {BV}},
        volume = {462},
        number = {1},
        pages = {20--35},
        author = {Melody Esmaeili and Shelby A. Blythe and John W. Tobias and Kai Zhang and Jing Yang and Peter S. Klein},
        title = {Chromatin accessibility and histone acetylation in the regulation of competence in early development},
        journal = {Developmental Biology}
}
@article{Bright_2021,
        doi = {10.15252/embj.2020104913},
        url = {https://doi.org/10.15252%2Fembj.2020104913},
        year = 2021,
        month = feb,
        publisher = {{EMBO}},
        volume = {40},
        number = {9},
        author = {Ann Rose Bright and Siebe van Genesen and Qingqing Li and Alexia Grasso and Siebren Frölich and Maarten van der Sande and Simon J van Heeringen and Gert Jan C Veenstra},
        title = {Combinatorial transcription factor activities on open chromatin induce embryonic heterogeneity in vertebrates},
        journal = {The {EMBO} Journal}
}
@article{Yang_2020,
        doi = {10.1038/s41586-020-2962-9},
        url = {https://doi.org/10.1038%2Fs41586-020-2962-9},
        year = 2020,
        month = nov,
        publisher = {Springer Science and Business Media {LLC}},
        volume = {588},
        number = {7837},
        pages = {337--343},
        author = {Hongbo Yang and Yu Luan and Tingting Liu and Hyung Joo Lee and Li Fang and Yanli Wang and Xiaotao Wang and Bo Zhang and Qiushi Jin and Khai Chung Ang and Xiaoyun Xing and Juan Wang and Jie Xu and Fan Song and Iyyanki Sriranga and Chachrit Khunsriraksakul and Tarik Salameh and Daofeng Li and Mayank N. K. Choudhary and Jacek Topczewski and Kai Wang and Glenn S. Gerhard and Ross C. Hardison and Ting Wang and Keith C. Cheng and Feng Yue},
        title = {A map of cis-regulatory elements and 3D genome structures in zebrafish},
        journal = {Nature}
}
@article{Visel_2009,
        doi = {10.1038/nature07730},
        url = {https://doi.org/10.1038%2Fnature07730},
        year = 2009,
        month = feb,
        publisher = {Springer Science and Business Media {LLC}},
        volume = {457},
        number = {7231},
        pages = {854--858},
        author = {Axel Visel and Matthew J. Blow and Zirong Li and Tao Zhang and Jennifer A. Akiyama and Amy Holt and Ingrid Plajzer-Frick and Malak Shoukry and Crystal Wright and Feng Chen and Veena Afzal and Bing Ren and Edward M. Rubin and Len A. Pennacchio},
        title = {{ChIP}-seq accurately predicts tissue-specific activity of enhancers},
        journal = {Nature}
}
@article{Creyghton_2010,
        doi = {10.1073/pnas.1016071107},
        url = {https://doi.org/10.1073%2Fpnas.1016071107},
        year = 2010,
        month = nov,
        publisher = {Proceedings of the National Academy of Sciences},
        volume = {107},
        number = {50},
        pages = {21931--21936},
        author = {Menno P. Creyghton and Albert W. Cheng and G. Grant Welstead and Tristan Kooistra and Bryce W. Carey and Eveline J. Steine and Jacob Hanna and Michael A. Lodato and Garrett M. Frampton and Phillip A. Sharp and Laurie A. Boyer and Richard A. Young and Rudolf Jaenisch},
        title = {Histone H3K27ac separates active from poised enhancers and predicts developmental state},
        journal = {Proceedings of the National Academy of Sciences}
}
@article{Heintzman_2007,
        doi = {10.1038/ng1966},
        url = {https://doi.org/10.1038%2Fng1966},
        year = 2007,
        month = feb,
        publisher = {Springer Science and Business Media {LLC}},
        volume = {39},
        number = {3},
        pages = {311--318},
        author = {Nathaniel D Heintzman and Rhona K Stuart and Gary Hon and Yutao Fu and Christina W Ching and R David Hawkins and Leah O Barrera and Sara Van Calcar and Chunxu Qu and Keith A Ching and Wei Wang and Zhiping Weng and Roland D Green and Gregory E Crawford and Bing Ren},
        title = {Distinct and predictive chromatin signatures of transcriptional promoters and enhancers in the human genome},
        journal = {Nature Genetics}
}
@article{Simeone_1988,
        doi = {10.1093/nar/16.12.5379},
        url = {https://doi.org/10.1093%2Fnar%2F16.12.5379},
        year = 1988,
        publisher = {Oxford University Press ({OUP})},
        volume = {16},
        number = {12},
        pages = {5379--5390},
        author = {Antonio Simeone and Maria Pannese and Dario Acampora and Maurizio D{  extquotesingle}Esposito and Edoardo Boncinelli},
        title = {At least three human homeoboxes on chromosome 12 belong to the same transcription unit},
        journal = {Nucleic Acids Research}
}
@article{Mitchell_1989,
        doi = {10.1126/science.2667136},
        url = {https://doi.org/10.1126%2Fscience.2667136},
        year = 1989,
        month = jul,
        publisher = {American Association for the Advancement of Science ({AAAS})},
        volume = {245},
        number = {4916},
        pages = {371--378},
        author = {Pamela J. Mitchell and Robert Tjian},
        title = {Transcriptional Regulation in Mammalian Cells by Sequence-Specific {DNA} Binding Proteins},
        journal = {Science}
}
@article{Hesselberth_2009,
        doi = {10.1038/nmeth.1313},
        url = {https://doi.org/10.1038%2Fnmeth.1313},
        year = 2009,
        month = mar,
        publisher = {Springer Science and Business Media {LLC}},
        volume = {6},
        number = {4},
        pages = {283--289},
        author = {Jay R Hesselberth and Xiaoyu Chen and Zhihong Zhang and Peter J Sabo and Richard Sandstrom and Alex P Reynolds and Robert E Thurman and Shane Neph and Michael S Kuehn and William S Noble and Stanley Fields and John A Stamatoyannopoulos},
        title = {Global mapping of protein-{DNA} interactions in vivo by digital genomic footprinting},
        journal = {Nature Methods}
}
@article{Neph_2012,
        doi = {10.1016/j.cell.2012.04.040},
        url = {https://doi.org/10.1016%2Fj.cell.2012.04.040},
        year = 2012,
        month = sep,
        publisher = {Elsevier {BV}},
        volume = {150},
        number = {6},
        pages = {1274--1286},
        author = {Shane Neph and Andrew~B. Stergachis and Alex Reynolds and Richard Sandstrom and Elhanan Borenstein and John~A. Stamatoyannopoulos},
        title = {Circuitry and Dynamics of Human Transcription Factor Regulatory Networks},
        journal = {Cell}
}
@article{He_2013,
        doi = {10.1038/nmeth.2762},
        url = {https://doi.org/10.1038%2Fnmeth.2762},
        year = 2013,
        month = dec,
        publisher = {Springer Science and Business Media {LLC}},
        volume = {11},
        number = {1},
        pages = {73--78},
        author = {Housheng Hansen He and Clifford A Meyer and Sheng{    extquotesingle}en Shawn Hu and Mei-Wei Chen and Chongzhi Zang and Yin Liu and Prakash K Rao and Teng Fei and Han Xu and Henry Long and X Shirley Liu and Myles Brown},
        title = {Refined {DNase}-seq protocol and data analysis reveals intrinsic bias in transcription factor footprint identification},
        journal = {Nature Methods}
}
@article{Sung_2016,
        doi = {10.1038/nmeth.3766},
        url = {https://doi.org/10.1038%2Fnmeth.3766},
        year = 2016,
        month = feb,
        publisher = {Springer Science and Business Media {LLC}},
        volume = {13},
        number = {3},
        pages = {222--228},
        author = {Myong-Hee Sung and Songjoon Baek and Gordon L Hager},
        title = {Genome-wide footprinting: ready for prime time?},
        journal = {Nature Methods}
}
@article{Sung_2014,
        doi = {10.1016/j.molcel.2014.08.016},
        url = {https://doi.org/10.1016%2Fj.molcel.2014.08.016},
        year = 2014,
        month = oct,
        publisher = {Elsevier {BV}},
        volume = {56},
        number = {2},
        pages = {275--285},
        author = {Myong-Hee Sung and Michael~J. Guertin and Songjoon Baek and Gordon~L. Hager},
        title = {{DNase} Footprint Signatures Are Dictated by Factor Dynamics and {DNA} Sequence},
        journal = {Molecular Cell}
}
@article{Li_2019,
        doi = {10.1186/s13059-019-1642-2},
        url = {https://doi.org/10.1186%2Fs13059-019-1642-2},
        year = 2019,
        month = feb,
        publisher = {Springer Science and Business Media {LLC}},
        volume = {20},
        number = {1},
        author = {Zhijian Li and Marcel H. Schulz and Thomas Look and Matthias Begemann and Martin Zenke and Ivan G. Costa},
        title = {Identification of transcription factor binding sites using {ATAC}-seq},
        journal = {Genome Biology}
}
@article{Bentsen_2020,
        doi = {10.1038/s41467-020-18035-1},
        url = {https://doi.org/10.1038%2Fs41467-020-18035-1},
        year = 2020,
        month = aug,
        publisher = {Springer Science and Business Media {LLC}},
        volume = {11},
        number = {1},
        author = {Mette Bentsen and Philipp Goymann and Hendrik Schultheis and Kathrin Klee and Anastasiia Petrova and Ren{'{e}} Wiegandt and Annika Fust and Jens Preussner and Carsten Kuenne and Thomas Braun and Johnny Kim and Mario Looso},
        title = {{ATAC}-seq footprinting unravels kinetics of transcription factor binding during zygotic genome activation},
        journal = {Nature Communications}
}
@article{Miraldi_2019,
        doi = {10.1101/gr.238253.118},
        url = {https://doi.org/10.1101%2Fgr.238253.118},
        year = 2019,
        month = jan,
        publisher = {Cold Spring Harbor Laboratory},
        volume = {29},
        number = {3},
        pages = {449--463},
        author = {Emily R. Miraldi and Maria Pokrovskii and Aaron Watters and Dayanne M. Castro and Nicholas De Veaux and Jason A. Hall and June-Yong Lee and Maria Ciofani and Aviv Madar and Nick Carriero and Dan R. Littman and Richard Bonneau},
        title = {Leveraging chromatin accessibility for transcriptional regulatory network inference in T Helper 17 Cells},
        journal = {Genome Research}
}
@article{Siahpirani_2016,
        doi = {10.1093/nar/gkw963},
        url = {https://doi.org/10.1093%2Fnar%2Fgkw963},
        year = 2016,
        month = oct,
        publisher = {Oxford University Press ({OUP})},
        pages = {gkw963},
        author = {Alireza F. Siahpirani and Sushmita Roy},
        title = {A prior-based integrative framework for functional transcriptional regulatory network inference},
        journal = {Nucleic Acids Research}
}
@article{Sonawane_2021,
        doi = {10.1038/s41540-021-00208-3},
        url = {https://doi.org/10.1038%2Fs41540-021-00208-3},
        year = 2021,
        month = dec,
        publisher = {Springer Science and Business Media {LLC}},
        volume = {7},
        number = {1},
        author = {Abhijeet Rajendra Sonawane and Dawn L. DeMeo and John Quackenbush and Kimberly Glass},
        title = {Constructing gene regulatory networks using epigenetic data},
        journal = {npj Systems Biology and Applications}
}
@article{Madsen_2017,
        doi = {10.1101/gr.227231.117},
        url = {https://doi.org/10.1101%2Fgr.227231.117},
        year = 2017,
        month = dec,
        publisher = {Cold Spring Harbor Laboratory},
        volume = {28},
        number = {2},
        pages = {243--255},
        author = {Jesper Grud Skat Madsen and Alexander Rauch and Elvira Laila Van Hauwaert and S{\o}ren Fisker Schmidt and Marc Winnefeld and Susanne Mandrup},
        title = {Integrated analysis of motif activity and gene expression changes of transcription factors},
        journal = {Genome Research}
}
@article{Kamal_2021,
        doi = {10.1101/2021.12.18.473290},
        url = {https://doi.org/10.1101%2F2021.12.18.473290},
        year = 2021,
        month = dec,
        publisher = {Cold Spring Harbor Laboratory},
        author = {Aryan Kamal and Christian Arnold and Annique Claringbould and Rim Moussa and Nila H. Servaas and Maksim Kholmatov and Neha Daga and Daria Nogina and Sophia Mueller-Dott and Armando Reyes-Palomares and Giovanni Palla and Olga Sigalova and Daria Bunina and Caroline Pabst and Judith B. Zaugg},
        title = {{GRaNIE} and {GRaNPA}: Inference and evaluation of enhancer-mediated gene regulatory networks applied to study macrophages}
}
@article{Schmidt_2018,
        doi = {10.1093/bioinformatics/bty856},
        url = {https://doi.org/10.1093%2Fbioinformatics%2Fbty856},
        year = 2018,
        month = oct,
        publisher = {Oxford University Press ({OUP})},
        volume = {35},
        number = {9},
        pages = {1608--1609},
        author = {Florian Schmidt and Fabian Kern and Peter Ebert and Nina Baumgarten and Marcel H Schulz},
        editor = {Bonnie Berger},
        title = {{TEPIC} 2{     extemdash}an extended framework for transcription factor binding prediction and integrative epigenomic analysis},
        journal = {Bioinformatics}
}
@article{Xu_2020,
  doi = {10.1093/nar/gkab598},
  url = {https://doi.org/10.1093/nar/gkab598},
  year = {2021},
  month = jul,
  publisher = {Oxford University Press ({OUP})},
  volume = {49},
  number = {14},
  pages = {7966--7985},
  author = {Quan Xu and Georgios Georgiou and Siebren Fr\"{o}lich and Maarten van~der~Sande and Gert~Jan~C Veenstra and Huiqing Zhou and Simon~J van~Heeringen},
  title = {{ANANSE}: an enhancer network-based computational approach for predicting key transcription factors in cell fate determination},
  journal = {Nucleic Acids Research}
}
@article{Ghaffari_2021,
        doi = {10.1186/s13059-020-02213-x},
        url = {https://doi.org/10.1186%2Fs13059-020-02213-x},
        year = 2021,
        month = jan,
        publisher = {Springer Science and Business Media {LLC}},
        volume = {22},
        number = {1},
        author = {Saba Ghaffari and Casey Hanson and Remington E. Schmidt and Kelly J. Bouchonville and Steven M. Offer and Saurabh Sinha},
        title = {An integrated multi-omics approach to identify regulatory mechanisms in cancer metastatic processes},
        journal = {Genome Biology}
}
@article{Vijayabaskar_2019,
        doi = {10.1371/journal.pcbi.1007337},
        url = {https://doi.org/10.1371%2Fjournal.pcbi.1007337},
        year = 2019,
        month = nov,
        publisher = {Public Library of Science ({PLoS})},
        volume = {15},
        number = {11},
        pages = {e1007337},
        author = {M. S. Vijayabaskar and Debbie K. Goode and Nadine Obier and Monika Lichtinger and Amber M. L. Emmett and Fatin N. Zainul Abidin and Nisar Shar and Rebecca Hannah and Salam A. Assi and Michael Lie-A-Ling and Berthold Gottgens and Georges Lacaud and Valerie Kouskoff and Constanze Bonifer and David R. Westhead},
        editor = {Sushmita Roy},
        title = {Identification of gene specific cis-regulatory elements during differentiation of mouse embryonic stem cells: An integrative approach using high-throughput datasets},
        journal = {{PLOS} Computational Biology}
}
@article{Levine_2010,
        doi = {10.1016/j.cub.2010.06.070},
        url = {https://doi.org/10.1016%2Fj.cub.2010.06.070},
        year = 2010,
        month = sep,
        publisher = {Elsevier {BV}},
        volume = {20},
        number = {17},
        pages = {R754--R763},
        author = {Mike Levine},
        title = {Transcriptional Enhancers in Animal Development and Evolution},
        journal = {Current Biology}
}
@article{Nora_2012,
        doi = {10.1038/nature11049},
        url = {https://doi.org/10.1038%2Fnature11049},
        year = 2012,
        month = apr,
        publisher = {Springer Science and Business Media {LLC}},
        volume = {485},
        number = {7398},
        pages = {381--385},
        author = {Elph{\`{e}}ge P. Nora and Bryan R. Lajoie and Edda G. Schulz and Luca Giorgetti and Ikuhiro Okamoto and Nicolas Servant and Tristan Piolot and Nynke L. van Berkum and Johannes Meisig and John Sedat and Joost Gribnau and Emmanuel Barillot and Nils Blüthgen and Job Dekker and Edith Heard},
        title = {Spatial partitioning of the regulatory landscape of the X-inactivation centre},
        journal = {Nature}
}
@article{Dekker_2002,
        doi = {10.1126/science.1067799},
        url = {https://doi.org/10.1126%2Fscience.1067799},
        year = 2002,
        month = feb,
        publisher = {American Association for the Advancement of Science ({AAAS})},
        volume = {295},
        number = {5558},
        pages = {1306--1311},
        author = {Job Dekker and Karsten Rippe and Martijn Dekker and Nancy Kleckner},
        title = {Capturing Chromosome Conformation},
        journal = {Science}
}
@article{Lieberman_Aiden_2009,
        doi = {10.1126/science.1181369},
        url = {https://doi.org/10.1126%2Fscience.1181369},
        year = 2009,
        month = oct,
        publisher = {American Association for the Advancement of Science ({AAAS})},
        volume = {326},
        number = {5950},
        pages = {289--293},
        author = {Erez Lieberman-Aiden and Nynke L. van Berkum and Louise Williams and Maxim Imakaev and Tobias Ragoczy and Agnes Telling and Ido Amit and Bryan R. Lajoie and Peter J. Sabo and Michael O. Dorschner and Richard Sandstrom and Bradley Bernstein and M. A. Bender and Mark Groudine and Andreas Gnirke and John Stamatoyannopoulos and Leonid A. Mirny and Eric S. Lander and Job Dekker},
        title = {Comprehensive Mapping of Long-Range Interactions Reveals Folding Principles of the Human Genome},
        journal = {Science}
}
@article{Mifsud_2015,
        doi = {10.1038/ng.3286},
        url = {https://doi.org/10.1038%2Fng.3286},
        year = 2015,
        month = may,
        publisher = {Springer Science and Business Media {LLC}},
        volume = {47},
        number = {6},
        pages = {598--606},
        author = {Borbala Mifsud and Filipe Tavares-Cadete and Alice N Young and Robert Sugar and Stefan Schoenfelder and Lauren Ferreira and Steven W Wingett and Simon Andrews and William Grey and Philip A Ewels and Bram Herman and Scott Happe and Andy Higgs and Emily LeProust and George A Follows and Peter Fraser and Nicholas M Luscombe and Cameron S Osborne},
        title = {Mapping long-range promoter contacts in human cells with high-resolution capture Hi-C},
        journal = {Nature Genetics}
}
@article{Sanyal_2012,
        doi = {10.1038/nature11279},
        url = {https://doi.org/10.1038%2Fnature11279},
        year = 2012,
        month = sep,
        publisher = {Springer Science and Business Media {LLC}},
        volume = {489},
        number = {7414},
        pages = {109--113},
        author = {Amartya Sanyal and Bryan R. Lajoie and Gaurav Jain and Job Dekker},
        title = {The long-range interaction landscape of gene promoters},
        journal = {Nature}
}
@article{Li_2012,
        doi = {10.1016/j.cell.2011.12.014},
        url = {https://doi.org/10.1016%2Fj.cell.2011.12.014},
        year = 2012,
        month = jan,
        publisher = {Elsevier {BV}},
        volume = {148},
        number = {1-2},
        pages = {84--98},
        author = {Guoliang Li and Xiaoan Ruan and Raymond~K. Auerbach and Kuljeet~Singh Sandhu and Meizhen Zheng and Ping Wang and Huay~Mei Poh and Yufen Goh and Joanne Lim and Jingyao Zhang and Hui~Shan Sim and Su~Qin Peh and Fabianus~Hendriyan Mulawadi and Chin~Thing Ong and Yuriy~L. Orlov and Shuzhen Hong and Zhizhuo Zhang and Steve Landt and Debasish Raha and Ghia Euskirchen and Chia-Lin Wei and Weihong Ge and Huaien Wang and Carrie Davis and Katherine I. Fisher-Aylor and Ali Mortazavi and Mark Gerstein and Thomas Gingeras and Barbara Wold and Yi Sun and Melissa~J. Fullwood and Edwin Cheung and Edison Liu and Wing-Kin Sung and Michael Snyder and Yijun Ruan},
        title = {Extensive Promoter-Centered Chromatin Interactions Provide a Topological Basis for Transcription Regulation},
        journal = {Cell}
}
@article{Marbach_2016,
        doi = {10.1038/nmeth.3799},
        url = {https://doi.org/10.1038%2Fnmeth.3799},
        year = 2016,
        month = mar,
        publisher = {Springer Science and Business Media {LLC}},
        volume = {13},
        number = {4},
        pages = {366--370},
        author = {Daniel Marbach and David Lamparter and Gerald Quon and Manolis Kellis and Zolt{'{a}}n Kutalik and Sven Bergmann},
        title = {Tissue-specific regulatory circuits reveal variable modular perturbations across complex diseases},
        journal = {Nature Methods}
}
@article{Fulco_2019,
        doi = {10.1038/s41588-019-0538-0},
        url = {https://doi.org/10.1038%2Fs41588-019-0538-0},
        year = 2019,
        month = nov,
        publisher = {Springer Science and Business Media {LLC}},
        volume = {51},
        number = {12},
        pages = {1664--1669},
        author = {Charles P. Fulco and Joseph Nasser and Thouis R. Jones and Glen Munson and Drew T. Bergman and Vidya Subramanian and Sharon R. Grossman and Rockwell Anyoha and Benjamin R. Doughty and Tejal A. Patwardhan and Tung H. Nguyen and Michael Kane and Elizabeth M. Perez and Neva C. Durand and Caleb A. Lareau and Elena K. Stamenova and Erez Lieberman Aiden and Eric S. Lander and Jesse M. Engreitz},
        title = {Activity-by-contact model of enhancer{ extendash}promoter regulation from thousands of {CRISPR} perturbations},
        journal = {Nature Genetics}
}
@article{Glass_2013,
        doi = {10.1371/journal.pone.0064832},
        url = {https://doi.org/10.1371%2Fjournal.pone.0064832},
        year = 2013,
        month = may,
        publisher = {Public Library of Science ({PLoS})},
        volume = {8},
        number = {5},
        pages = {e64832},
        author = {Kimberly Glass and Curtis Huttenhower and John Quackenbush and Guo-Cheng Yuan},
        editor = {Szabolcs Semsey},
        title = {Passing Messages between Biological Networks to Refine Predicted Interactions},
        journal = {{PLoS} {ONE}}
}
@article{Jensen_2014,
        doi = {10.1002/ar.22944},
        url = {https://doi.org/10.1002%2Far.22944},
        year = 2014,
        month = may,
        publisher = {Wiley},
        volume = {297},
        number = {8},
        pages = {1349--1353},
        author = {Ellen Jensen},
        title = {Technical Review: In Situ Hybridization},
        journal = {The Anatomical Record}
}
@article{Wang_2009,
        doi = {10.1038/nrg2484},
        url = {https://doi.org/10.1038%2Fnrg2484},
        year = 2009,
        month = jan,
        publisher = {Springer Science and Business Media {LLC}},
        volume = {10},
        number = {1},
        pages = {57--63},
        author = {Zhong Wang and Mark Gerstein and Michael Snyder},
        title = {{RNA}-Seq: a revolutionary tool for transcriptomics},
        journal = {Nature Reviews Genetics}
}
@article{Longo_2021,
        doi = {10.1038/s41576-021-00370-8},
        url = {https://doi.org/10.1038%2Fs41576-021-00370-8},
        year = 2021,
        month = jun,
        publisher = {Springer Science and Business Media {LLC}},
        volume = {22},
        number = {10},
        pages = {627--644},
        author = {Sophia K. Longo and Margaret G. Guo and Andrew L. Ji and Paul A. Khavari},
        title = {Integrating single-cell and spatial transcriptomics to elucidate intercellular tissue dynamics},
        journal = {Nature Reviews Genetics}
}
@article{Borm_2022,
        doi = {10.1038/s41587-022-01455-3},
        url = {https://doi.org/10.1038%2Fs41587-022-01455-3},
        year = 2022,
        month = sep,
        publisher = {Springer Science and Business Media {LLC}},
        author = {Lars E. Borm and Alejandro Mossi Albiach and Camiel C. A. Mannens and Jokubas Janusauskas and Ceren Özgün and David Fern{'{a}}ndez-Garc{'{\i}}a and Rebecca Hodge and Francisca Castillo and Charlotte R. H. Hedin and Eduardo J. Villablanca and Per Uhl{'{e}}n and Ed S. Lein and Simone Codeluppi and Sten Linnarsson},
        title = {Scalable in situ single-cell profiling by electrophoretic capture of {mRNA} using {EEL} {FISH}},
        journal = {Nature Biotechnology}
}
@article{Ly_2022,
        doi = {10.1016/j.patter.2021.100414},
        url = {https://doi.org/10.1016%2Fj.patter.2021.100414},
        year = 2022,
        month = feb,
        publisher = {Elsevier {BV}},
        volume = {3},
        number = {2},
        pages = {100414},
        author = {Lam-Ha Ly and Martin Vingron},
        title = {Effect of imputation on gene network reconstruction from single-cell {RNA}-seq data},
        journal = {Patterns}
}
@article{McCalla_2021,
        doi = {10.1101/2021.06.01.446671},
        url = {https://doi.org/10.1101%2F2021.06.01.446671},
        year = 2021,
        month = jun,
        publisher = {Cold Spring Harbor Laboratory},
        author = {Sunnie Grace McCalla and Alireza Fotuhi Siahpirani and Jiaxin Li and Saptarshi Pyne and Matthew Stone and Viswesh Periyasamy and Junha Shin and Sushmita Roy},
        title = {Identifying strengths and weaknesses of methods for computational network inference from single cell {RNA}-seq data}
}
@article{Zimmerman_2021,
        doi = {10.1038/s41467-021-21038-1},
        url = {https://doi.org/10.1038%2Fs41467-021-21038-1},
        year = 2021,
        month = feb,
        publisher = {Springer Science and Business Media {LLC}},
        volume = {12},
        number = {1},
        author = {Kip D. Zimmerman and Mark A. Espeland and Carl D. Langefeld},
        title = {A practical solution to pseudoreplication bias in single-cell studies},
        journal = {Nature Communications}
}
@article{Baran_2019,
        doi = {10.1186/s13059-019-1812-2},
        url = {https://doi.org/10.1186%2Fs13059-019-1812-2},
        year = 2019,
        month = oct,
        publisher = {Springer Science and Business Media {LLC}},
        volume = {20},
        number = {1},
        author = {Yael Baran and Akhiad Bercovich and Arnau Sebe-Pedros and Yaniv Lubling and Amir Giladi and Elad Chomsky and Zohar Meir and Michael Hoichman and Aviezer Lifshitz and Amos Tanay},
        title = {{MetaCell}: analysis of single-cell {RNA}-seq data using K-nn graph partitions},
        journal = {Genome Biology}
}
@article{Huynh_Thu_2010,
        doi = {10.1371/journal.pone.0012776},
        url = {https://doi.org/10.1371%2Fjournal.pone.0012776},
        year = 2010,
        month = sep,
        publisher = {Public Library of Science ({PLoS})},
        volume = {5},
        number = {9},
        pages = {e12776},
        author = {V{\^{a}}n Anh Huynh-Thu and Alexandre Irrthum and Louis Wehenkel and Pierre Geurts},
        editor = {Mark Isalan},
        title = {Inferring Regulatory Networks from Expression Data Using Tree-Based Methods},
        journal = {{PLoS} {ONE}}
}
@article{Chan_2017,
        doi = {10.1016/j.cels.2017.08.014},
        url = {https://doi.org/10.1016%2Fj.cels.2017.08.014},
        year = 2017,
        month = sep,
        publisher = {Elsevier {BV}},
        volume = {5},
        number = {3},
        pages = {251--267.e3},
        author = {Thalia E. Chan and Michael P.H. Stumpf and Ann C. Babtie},
        title = {Gene Regulatory Network Inference from Single-Cell Data Using Multivariate Information Measures},
        journal = {Cell Systems}
}
@article{Aibar_2017,
        doi = {10.1038/nmeth.4463},
        url = {https://doi.org/10.1038%2Fnmeth.4463},
        year = 2017,
        month = oct,
        publisher = {Springer Science and Business Media {LLC}},
        volume = {14},
        number = {11},
        pages = {1083--1086},
        author = {Sara Aibar and Carmen Bravo Gonz{'{a}}lez-Blas and Thomas Moerman and V{\^{a}}n Anh Huynh-Thu and Hana Imrichova and Gert Hulselmans and Florian Rambow and Jean-Christophe Marine and Pierre Geurts and Jan Aerts and Joost van den Oord and Zeynep Kalender Atak and Jasper Wouters and Stein Aerts},
        title = {{SCENIC}: single-cell regulatory network inference and clustering},
        journal = {Nature Methods}
}
@article{Jansen_2019,
        doi = {10.1371/journal.pcbi.1006555},
        url = {https://doi.org/10.1371%2Fjournal.pcbi.1006555},
        year = 2019,
        month = nov,
        publisher = {Public Library of Science ({PLoS})},
        volume = {15},
        number = {11},
        pages = {e1006555},
        author = {Camden Jansen and Ricardo N. Ramirez and Nicole C. El-Ali and David Gomez-Cabrero and Jesper Tegner and Matthias Merkenschlager and Ana Conesa and Ali Mortazavi},
        editor = {Christina S. Leslie},
        title = {Building gene regulatory networks from {scATAC}-seq and {scRNA}-seq using Linked Self Organizing Maps},
        journal = {{PLOS} Computational Biology}
}
@article{Gonz_lez_Blas_2022,
        doi = {10.1101/2022.08.19.504505},
        url = {https://doi.org/10.1101%2F2022.08.19.504505},
        year = 2022,
        month = aug,
        publisher = {Cold Spring Harbor Laboratory},
        author = {Carmen Bravo Gonz{'{a}}lez-Blas and Seppe De Winter and Gert Hulselmans and Nikolai Hecker and Irina Matetovici and Valerie Christiaens and Suresh Poovathingal and Jasper Wouters and Sara Aibar and Stein Aerts},
        title = {{SCENIC}+: single-cell multiomic inference of enhancers and gene regulatory networks}
}
@article{Jiang_2021,
        doi = {10.1101/2021.11.22.469628},
        url = {https://doi.org/10.1101%2F2021.11.22.469628},
        year = 2021,
        month = nov,
        publisher = {Cold Spring Harbor Laboratory},
        author = {Junyao Jiang and Pin Lyu and Jinlian Li and Sunan Huang and Seth Blackshaw and Jiang Qian and Jie Wang},
        title = {{IReNA}: integrated regulatory network analysis of single-cell transcriptomes and chromatin accessibility profiles}
}
@article{Kamimoto_2020,
        doi = {10.1101/2020.02.17.947416},
        url = {https://doi.org/10.1101%2F2020.02.17.947416},
        year = 2020,
        month = feb,
        publisher = {Cold Spring Harbor Laboratory},
        author = {Kenji Kamimoto and Christy M. Hoffmann and Samantha A. Morris},
        title = {{CellOracle}: Dissecting cell identity via network inference and in silico gene perturbation}
}
@article{Packer_2019,
        doi = {10.1126/science.aax1971},
        url = {https://doi.org/10.1126%2Fscience.aax1971},
        year = 2019,
        month = sep,
        publisher = {American Association for the Advancement of Science ({AAAS})},
        volume = {365},
        number = {6459},
        author = {Jonathan S. Packer and Qin Zhu and Chau Huynh and Priya Sivaramakrishnan and Elicia Preston and Hannah Dueck and Derek Stefanik and Kai Tan and Cole Trapnell and Junhyong Kim and Robert H. Waterston and John I. Murray},
        title = {A lineage-resolved molecular atlas of C. elegans embryogenesis at single-cell resolution},
        journal = {Science}
}
@article{Wolf_2019,
        doi = {10.1186/s13059-019-1663-x},
        url = {https://doi.org/10.1186%2Fs13059-019-1663-x},
        year = 2019,
        month = mar,
        publisher = {Springer Science and Business Media {LLC}},
        volume = {20},
        number = {1},
        author = {F. Alexander Wolf and Fiona K. Hamey and Mireya Plass and Jordi Solana and Joakim S. Dahlin and Berthold Göttgens and Nikolaus Rajewsky and Lukas Simon and Fabian J. Theis},
        title = {{PAGA}: graph abstraction reconciles clustering with trajectory inference through a topology preserving map of single cells},
        journal = {Genome Biology}
}
@article{Qiu_2017,
        doi = {10.1038/nmeth.4402},
        url = {https://doi.org/10.1038%2Fnmeth.4402},
        year = 2017,
        month = aug,
        publisher = {Springer Science and Business Media {LLC}},
        volume = {14},
        number = {10},
        pages = {979--982},
        author = {Xiaojie Qiu and Qi Mao and Ying Tang and Li Wang and Raghav Chawla and Hannah A Pliner and Cole Trapnell},
        title = {Reversed graph embedding resolves complex single-cell trajectories},
        journal = {Nature Methods}
}
@article{Street_2018,
        doi = {10.1186/s12864-018-4772-0},
        url = {https://doi.org/10.1186%2Fs12864-018-4772-0},
        year = 2018,
        month = jun,
        publisher = {Springer Science and Business Media {LLC}},
        volume = {19},
        number = {1},
        author = {Kelly Street and Davide Risso and Russell B. Fletcher and Diya Das and John Ngai and Nir Yosef and Elizabeth Purdom and Sandrine Dudoit},
        title = {Slingshot: cell lineage and pseudotime inference for single-cell transcriptomics},
        journal = {{BMC} Genomics}
}
@article{Bergen_2020,
        doi = {10.1038/s41587-020-0591-3},
        url = {https://doi.org/10.1038%2Fs41587-020-0591-3},
        year = 2020,
        month = aug,
        publisher = {Springer Science and Business Media {LLC}},
        volume = {38},
        number = {12},
        pages = {1408--1414},
        author = {Volker Bergen and Marius Lange and Stefan Peidli and F. Alexander Wolf and Fabian J. Theis},
        title = {Generalizing {RNA} velocity to transient cell states through dynamical modeling},
        journal = {Nature Biotechnology}
}
@article{La_Manno_2018,
        doi = {10.1038/s41586-018-0414-6},
        url = {https://doi.org/10.1038%2Fs41586-018-0414-6},
        year = 2018,
        month = aug,
        publisher = {Springer Science and Business Media {LLC}},
        volume = {560},
        number = {7719},
        pages = {494--498},
        author = {Gioele La Manno and Ruslan Soldatov and Amit Zeisel and Emelie Braun and Hannah Hochgerner and Viktor Petukhov and Katja Lidschreiber and Maria E. Kastriti and Peter Lönnerberg and Alessandro Furlan and Jean Fan and Lars E. Borm and Zehua Liu and David van Bruggen and Jimin Guo and Xiaoling He and Roger Barker and Erik Sundström and Gon{\c{c}}alo Castelo-Branco and Patrick Cramer and Igor Adameyko and Sten Linnarsson and Peter V. Kharchenko},
        title = {{RNA} velocity of single cells},
        journal = {Nature}
}
@article{Aubin_Frankowski_2020,
        doi = {10.1093/bioinformatics/btaa576},
        url = {https://doi.org/10.1093%2Fbioinformatics%2Fbtaa576},
        year = 2020,
        month = jun,
        publisher = {Oxford University Press ({OUP})},
        volume = {36},
        number = {18},
        pages = {4774--4780},
        author = {Pierre-Cyril Aubin-Frankowski and Jean-Philippe Vert},
        editor = {Jan Gorodkin},
        title = {Gene regulation inference from single-cell {RNA}-seq data with linear differential equations and velocity inference},
        journal = {Bioinformatics}
}
@article{Matsumoto_2017,
        doi = {10.1093/bioinformatics/btx194},
        url = {https://doi.org/10.1093%2Fbioinformatics%2Fbtx194},
        year = 2017,
        month = apr,
        publisher = {Oxford University Press ({OUP})},
        volume = {33},
        number = {15},
        pages = {2314--2321},
        author = {Hirotaka Matsumoto and Hisanori Kiryu and Chikara Furusawa and Minoru S H Ko and Shigeru B H Ko and Norio Gouda and Tetsutaro Hayashi and Itoshi Nikaido},
        editor = {Ziv Bar-Joseph},
        title = {{SCODE}: an efficient regulatory network inference algorithm from single-cell {RNA}-Seq during differentiation},
        journal = {Bioinformatics}
}
@article{Deshpande_2022,
        doi = {10.1016/j.celrep.2022.110333},
        url = {https://doi.org/10.1016%2Fj.celrep.2022.110333},
        year = 2022,
        month = feb,
        publisher = {Elsevier {BV}},
        volume = {38},
        number = {6},
        pages = {110333},
        author = {Atul Deshpande and Li-Fang Chu and Ron Stewart and Anthony Gitter},
        title = {Network inference with Granger causality ensembles on single-cell transcriptomics},
        journal = {Cell Reports}
}
@article{Papili_Gao_2017,
        doi = {10.1093/bioinformatics/btx575},
        url = {https://doi.org/10.1093%2Fbioinformatics%2Fbtx575},
        year = 2017,
        month = sep,
        publisher = {Oxford University Press ({OUP})},
        volume = {34},
        number = {2},
        pages = {258--266},
        author = {Nan Papili Gao and S M Minhaz Ud-Dean and Olivier Gandrillon and Rudiyanto Gunawan},
        editor = {Alfonso Valencia},
        title = {{SINCERITIES}: inferring gene regulatory networks from time-stamped single cell transcriptional expression profiles},
        journal = {Bioinformatics}
}
@article{Qiu_2020,
        doi = {10.1016/j.cels.2020.02.003},
        url = {https://doi.org/10.1016%2Fj.cels.2020.02.003},
        year = 2020,
        month = mar,
        publisher = {Elsevier {BV}},
        volume = {10},
        number = {3},
        pages = {265--274.e11},
        author = {Xiaojie Qiu and Arman Rahimzamani and Li Wang and Bingcheng Ren and Qi Mao and Timothy Durham and Jos{'{e}} L. McFaline-Figueroa and Lauren Saunders and Cole Trapnell and Sreeram Kannan},
        title = {Inferring Causal Gene Regulatory Networks from Coupled Single-Cell Expression Dynamics Using Scribe},
        journal = {Cell Systems}
}
@article{Woodhouse_2018,
        doi = {10.1186/s12918-018-0581-y},
        url = {https://doi.org/10.1186%2Fs12918-018-0581-y},
        year = 2018,
        month = may,
        publisher = {Springer Science and Business Media {LLC}},
        volume = {12},
        number = {1},
        author = {Steven Woodhouse and Nir Piterman and Christoph M. Wintersteiger and Berthold Göttgens and Jasmin Fisher},
        title = {{SCNS}: a graphical tool for reconstructing executable regulatory networks from single-cell genomic data},
        journal = {{BMC} Systems Biology}
}
@article{Sanchez_Castillo_2017,
        doi = {10.1093/bioinformatics/btx605},
        url = {https://doi.org/10.1093%2Fbioinformatics%2Fbtx605},
        year = 2017,
        month = sep,
        publisher = {Oxford University Press ({OUP})},
        volume = {34},
        number = {6},
        pages = {964--970},
        author = {M Sanchez-Castillo and D Blanco and I M Tienda-Luna and M C Carrion and Yufei Huang},
        editor = {Oliver Stegle},
        title = {A Bayesian framework for the inference of gene regulatory networks from time and pseudo-time series data},
        journal = {Bioinformatics}
}
@article{Chubb_2006,
        doi = {10.1016/j.cub.2006.03.092},
        url = {https://doi.org/10.1016%2Fj.cub.2006.03.092},
        year = 2006,
        month = may,
        publisher = {Elsevier {BV}},
        volume = {16},
        number = {10},
        pages = {1018--1025},
        author = {Jonathan R. Chubb and Tatjana Trcek and Shailesh M. Shenoy and Robert H. Singer},
        title = {Transcriptional Pulsing of a Developmental Gene},
        journal = {Current Biology}
}
@article{Larsson_2019,
        doi = {10.1038/s41586-018-0836-1},
        url = {https://doi.org/10.1038%2Fs41586-018-0836-1},
        year = 2019,
        month = jan,
        publisher = {Springer Science and Business Media {LLC}},
        volume = {565},
        number = {7738},
        pages = {251--254},
        author = {Anton J. M. Larsson and Per Johnsson and Michael Hagemann-Jensen and Leonard Hartmanis and Omid R. Faridani and Björn Reinius and {\AA}sa Segerstolpe and Chloe M. Rivera and Bing Ren and Rickard Sandberg},
        title = {Genomic encoding of transcriptional burst kinetics},
        journal = {Nature}
}
@article{Chen_2018,
        doi = {10.1186/s12859-018-2217-z},
        url = {https://doi.org/10.1186%2Fs12859-018-2217-z},
        year = 2018,
        month = jun,
        publisher = {Springer Science and Business Media {LLC}},
        volume = {19},
        number = {1},
        author = {Shuonan Chen and Jessica C. Mar},
        title = {Evaluating methods of inferring gene regulatory networks highlights their lack of performance for single cell gene expression data},
        journal = {{BMC} Bioinformatics}
}
@article{Pratapa_2020,
        doi = {10.1038/s41592-019-0690-6},
        url = {https://doi.org/10.1038%2Fs41592-019-0690-6},
        year = 2020,
        month = jan,
        publisher = {Springer Science and Business Media {LLC}},
        volume = {17},
        number = {2},
        pages = {147--154},
        author = {Aditya Pratapa and Amogh P. Jalihal and Jeffrey N. Law and Aditya Bharadwaj and T. M. Murali},
        title = {Benchmarking algorithms for gene regulatory network inference from single-cell transcriptomic data},
        journal = {Nature Methods}
}
@article{Kim_2021,
        doi = {10.1038/s41588-021-00947-3},
        url = {https://doi.org/10.1038%2Fs41588-021-00947-3},
        year = 2021,
        month = oct,
        publisher = {Springer Science and Business Media {LLC}},
        volume = {53},
        number = {11},
        pages = {1564--1576},
        author = {Daniel S. Kim and Viviana I. Risca and David L. Reynolds and James Chappell and Adam J. Rubin and Namyoung Jung and Laura K. H. Donohue and Vanessa Lopez-Pajares and Arwa Kathiria and Minyi Shi and Zhixin Zhao and Harsh Deep and Mahfuza Sharmin and Deepti Rao and Shin Lin and Howard Y. Chang and Michael P. Snyder and William J. Greenleaf and Anshul Kundaje and Paul A. Khavari},
        title = {The dynamic, combinatorial cis-regulatory lexicon of epidermal differentiation},
        journal = {Nature Genetics}
}
@article{Jumper_2021,
        doi = {10.1038/s41586-021-03819-2},
        url = {https://doi.org/10.1038%2Fs41586-021-03819-2},
        year = 2021,
        month = jul,
        publisher = {Springer Science and Business Media {LLC}},
        volume = {596},
        number = {7873},
        pages = {583--589},
        author = {John Jumper and Richard Evans and Alexander Pritzel and Tim Green and Michael Figurnov and Olaf Ronneberger and Kathryn Tunyasuvunakool and Russ Bates and Augustin {{Z}}{'{\i}}dek and Anna Potapenko and Alex Bridgland and Clemens Meyer and Simon A. A. Kohl and Andrew J. Ballard and Andrew Cowie and Bernardino Romera-Paredes and Stanislav Nikolov and Rishub Jain and Jonas Adler and Trevor Back and Stig Petersen and David Reiman and Ellen Clancy and Michal Zielinski and Martin Steinegger and Michalina Pacholska and Tamas Berghammer and Sebastian Bodenstein and David Silver and Oriol Vinyals and Andrew W. Senior and Koray Kavukcuoglu and Pushmeet Kohli and Demis Hassabis},
        title = {Highly accurate protein structure prediction with {AlphaFold}},
        journal = {Nature}
}
@article{Krizhevsky2017,
  doi = {10.1145/3065386},
  url = {https://doi.org/10.1145/3065386},
  year = {2017},
  month = may,
  publisher = {Association for Computing Machinery ({ACM})},
  volume = {60},
  number = {6},
  pages = {84--90},
  author = {Alex Krizhevsky and Ilya Sutskever and Geoffrey E. Hinton},
  title = {{ImageNet} classification with deep convolutional neural networks},
  journal = {Communications of the {ACM}}
}
@article{Silver_2016,
        doi = {10.1038/nature16961},
        url = {https://doi.org/10.1038%2Fnature16961},
        year = 2016,
        month = jan,
        publisher = {Springer Science and Business Media {LLC}},
        volume = {529},
        number = {7587},
        pages = {484--489},
        author = {David Silver and Aja Huang and Chris J. Maddison and Arthur Guez and Laurent Sifre and George van den Driessche and Julian Schrittwieser and Ioannis Antonoglou and Veda Panneershelvam and Marc Lanctot and Sander Dieleman and Dominik Grewe and John Nham and Nal Kalchbrenner and Ilya Sutskever and Timothy Lillicrap and Madeleine Leach and Koray Kavukcuoglu and Thore Graepel and Demis Hassabis},
        title = {Mastering the game of Go with deep neural networks and tree search},
        journal = {Nature}
}
@article{Eraslan_2019,
        doi = {10.1038/s41576-019-0122-6},
        url = {https://doi.org/10.1038%2Fs41576-019-0122-6},
        year = 2019,
        month = apr,
        publisher = {Springer Science and Business Media {LLC}},
        volume = {20},
        number = {7},
        pages = {389--403},
        author = {Gökcen Eraslan and {
                                      {Z}}iga Avsec and Julien Gagneur and Fabian J. Theis},
        title = {Deep learning: new computational modelling techniques for genomics},
        journal = {Nature Reviews Genetics}
}
@article{Alipanahi_2015,
        doi = {10.1038/nbt.3300},
        url = {https://doi.org/10.1038%2Fnbt.3300},
        year = 2015,
        month = jul,
        publisher = {Springer Science and Business Media {LLC}},
        volume = {33},
        number = {8},
        pages = {831--838},
        author = {Babak Alipanahi and Andrew Delong and Matthew T Weirauch and Brendan J Frey},
        title = {Predicting the sequence specificities of {DNA}- and {RNA}-binding proteins by deep learning},
        journal = {Nature Biotechnology}
}
@article{Zhou_2015,
        doi = {10.1038/nmeth.3547},
        url = {https://doi.org/10.1038%2Fnmeth.3547},
        year = 2015,
        month = aug,
        publisher = {Springer Science and Business Media {LLC}},
        volume = {12},
        number = {10},
        pages = {931--934},
        author = {Jian Zhou and Olga G Troyanskaya},
        title = {Predicting effects of noncoding variants with deep learning{   extendash}based sequence model},
        journal = {Nature Methods}
}
@article{Kelley_2018,
        doi = {10.1101/gr.227819.117},
        url = {https://doi.org/10.1101%2Fgr.227819.117},
        year = 2018,
        month = mar,
        publisher = {Cold Spring Harbor Laboratory},
        volume = {28},
        number = {5},
        pages = {739--750},
        author = {David R. Kelley and Yakir A. Reshef and Maxwell Bileschi and David Belanger and Cory Y. McLean and Jasper Snoek},
        title = {Sequential regulatory activity prediction across chromosomes with convolutional neural networks},
        journal = {Genome Research}
}
@article{Shu_2021,
        doi = {10.1038/s43588-021-00099-8},
        url = {https://doi.org/10.1038%2Fs43588-021-00099-8},
        year = 2021,
        month = jul,
        publisher = {Springer Science and Business Media {LLC}},
        volume = {1},
        number = {7},
        pages = {491--501},
        author = {Hantao Shu and Jingtian Zhou and Qiuyu Lian and Han Li and Dan Zhao and Jianyang Zeng and Jianzhu Ma},
        title = {Modeling gene regulatory networks using neural network architectures},
        journal = {Nature Computational Science}
}
@article{Rubiolo_2017,
        doi = {10.1093/bioinformatics/btx730},
        url = {https://doi.org/10.1093%2Fbioinformatics%2Fbtx730},
        year = 2017,
        month = nov,
        publisher = {Oxford University Press ({OUP})},
        volume = {34},
        number = {7},
        pages = {1253--1260},
        author = {M Rubiolo and D H Milone and G Stegmayer},
        editor = {Cenk Sahinalp},
        title = {Extreme learning machines for reverse engineering of gene regulatory networks from expression time series},
        journal = {Bioinformatics}
}
@misc{https://doi.org/10.48550/arxiv.1806.06975,
  doi = {10.48550/ARXIV.1806.06975},
  url = {https://arxiv.org/abs/1806.06975},
  author = {Dutil, Francis and Cohen, Joseph Paul and Weiss, Martin and Derevyanko, Georgy and Bengio, Yoshua},
  keywords = {Genomics (q-bio.GN), Computational Engineering, Finance, and Science (cs.CE), Machine Learning (cs.LG), Machine Learning (stat.ML), FOS: Biological sciences, FOS: Biological sciences, FOS: Computer and information sciences, FOS: Computer and information sciences},
  title = {Towards Gene Expression Convolutions using Gene Interaction Graphs},
  publisher = {arXiv},
  year = {2018},
  copyright = {arXiv.org perpetual, non-exclusive license}
}

@article{Wang_2020,
        doi = {10.1016/j.csbj.2020.10.022},
        url = {https://doi.org/10.1016%2Fj.csbj.2020.10.022},
        year = 2020,
        publisher = {Elsevier {BV}},
        volume = {18},
        pages = {3335--3343},
        author = {Juexin Wang and Anjun Ma and Qin Ma and Dong Xu and Trupti Joshi},
        title = {Inductive inference of gene regulatory network using supervised and semi-supervised graph neural networks},
        journal = {Computational and Structural Biotechnology Journal}
}
@article{Cybenko_1989,
        doi = {10.1007/bf02551274},
        url = {https://doi.org/10.1007%2Fbf02551274},
        year = 1989,
        month = dec,
        publisher = {Springer Science and Business Media {LLC}},
        volume = {2},
        number = {4},
        pages = {303--314},
        author = {G. Cybenko},
        title = {Approximation by superpositions of a sigmoidal function},
        journal = {Mathematics of Control, Signals, and Systems}
}
@article{Hornik_1989,
        doi = {10.1016/0893-6080(89)90020-8},
        url = {https://doi.org/10.1016%2F0893-6080%2889%2990020-8},
        year = 1989,
        month = jan,
        publisher = {Elsevier {BV}},
        volume = {2},
        number = {5},
        pages = {359--366},
        author = {Kurt Hornik and Maxwell Stinchcombe and Halbert White},
        title = {Multilayer feedforward networks are universal approximators},
        journal = {Neural Networks}
}
@article{Zhang_2021,
        doi = {10.1109/tetci.2021.3100641},
        url = {https://doi.org/10.1109%2Ftetci.2021.3100641},
        year = 2021,
        month = oct,
        publisher = {Institute of Electrical and Electronics Engineers ({IEEE})},
        volume = {5},
        number = {5},
        pages = {726--742},
        author = {Yu Zhang and Peter Tino and Ales Leonardis and Ke Tang},
        title = {A Survey on Neural Network Interpretability},
        journal = {{IEEE} Transactions on Emerging Topics in Computational Intelligence}
}
 @misc{chollet2015keras,
  title={Keras},
  author={Chollet, Fran\c{c}ois and others},
  year={2015},
  howpublished={\url{https://keras.io}},
} 
@misc{https://doi.org/10.48550/arxiv.1912.01703,
  doi = {10.48550/ARXIV.1912.01703},
  url = {https://arxiv.org/abs/1912.01703},
  author = {Paszke, Adam and Gross, Sam and Massa, Francisco and Lerer, Adam and Bradbury, James and Chanan, Gregory and Killeen, Trevor and Lin, Zeming and Gimelshein, Natalia and Antiga, Luca and Desmaison, Alban and Köpf, Andreas and Yang, Edward and DeVito, Zach and Raison, Martin and Tejani, Alykhan and Chilamkurthy, Sasank and Steiner, Benoit and Fang, Lu and Bai, Junjie and Chintala, Soumith},
  keywords = {Machine Learning (cs.LG), Mathematical Software (cs.MS), Machine Learning (stat.ML), FOS: Computer and information sciences, FOS: Computer and information sciences},
  title = {PyTorch: An Imperative Style, High-Performance Deep Learning Library},
  publisher = {arXiv},
  year = {2019},
  copyright = {arXiv.org perpetual, non-exclusive license}
}

@article{de_Sousa_Abreu_2009,
        doi = {10.1039/b908315d},
        url = {https://doi.org/10.1039%2Fb908315d},
        year = 2009,
        publisher = {Royal Society of Chemistry ({RSC})},
        author = {Raquel de Sousa Abreu and Luiz O. Penalva and Edward M. Marcotte and Christine Vogel},
        title = {Global signatures of protein and {mRNA} expression levels},
        journal = {Molecular {BioSystems}}
}
@article{Krishnan_2007,
        doi = {10.1371/journal.pone.0000562},
        url = {https://doi.org/10.1371%2Fjournal.pone.0000562},
        year = 2007,
        month = jun,
        publisher = {Public Library of Science ({PLoS})},
        volume = {2},
        number = {6},
        pages = {e562},
        author = {Arun Krishnan and Alessandro Giuliani and Masaru Tomita},
        editor = {Raya Khanin},
        title = {Indeterminacy of Reverse Engineering of Gene Regulatory Networks: The Curse of Gene Elasticity},
        journal = {{PLoS} {ONE}}
}
@article{Cokelaer_2016,
        doi = {10.12688/f1000research.7118.2},
        url = {https://doi.org/10.12688%2Ff1000research.7118.2},
        year = 2016,
        month = apr,
        publisher = {F1000 Research Ltd},
        volume = {4},
        pages = {1030},
        author = {Thomas Cokelaer and Mukesh Bansal and Christopher Bare and Erhan Bilal and Brian M. Bot and Elias Chaibub Neto and Federica Eduati and Alberto de la Fuente and Mehmet Gönen and Steven M. Hill and Bruce Hoff and Jonathan R. Karr and Robert Küffner and Michael P. Menden and Pablo Meyer and Raquel Norel and Abhishek Pratap and Robert J. Prill and Matthew T. Weirauch and James C. Costello and Gustavo Stolovitzky and Julio Saez-Rodriguez},
        title = {{DREAMTools}: a Python package for scoring collaborative challenges},
        journal = {F1000Research}
}

@misc{dream,
  author = {Dream challenge},
  howpublished = {Available from: \url{https://www.synapse.org/\#\!Synapse:syn21760283/wiki/603540}}
}
@article{Guo_2017,
        doi = {10.1186/s12918-017-0440-2},
        url = {https://doi.org/10.1186%2Fs12918-017-0440-2},
        year = 2017,
        month = jun,
        publisher = {Springer Science and Business Media {LLC}},
        volume = {11},
        number = {1},
        author = {Wenbin Guo and Cristiane P. G. Calixto and Nikoleta Tzioutziou and Ping Lin and Robbie Waugh and John W. S. Brown and Runxuan Zhang},
        title = {Evaluation and improvement of the regulatory inference for large co-expression networks with limited sample size},
        journal = {{BMC} Systems Biology}
}
@article{Marbach_2012,
        doi = {10.1038/nmeth.2016},
        url = {https://doi.org/10.1038%2Fnmeth.2016},
        year = 2012,
        month = jul,
        publisher = {Springer Science and Business Media {LLC}},
        volume = {9},
        number = {8},
        pages = {796--804},
        author = {Daniel Marbach and James C Costello and Robert Küffner and Nicole M Vega and Robert J Prill and Diogo M Camacho and Kyle R Allison and Manolis Kellis and James J Collins and Gustavo Stolovitzky},
        title = {Wisdom of crowds for robust gene network inference},
        journal = {Nature Methods}
}
@article{STOLOVITZKY_2007,
        doi = {10.1196/annals.1407.021},
        url = {https://doi.org/10.1196%2Fannals.1407.021},
        year = 2007,
        month = oct,
        publisher = {Wiley},
        volume = {1115},
        number = {1},
        pages = {1--22},
        author = {G. STOLOVITZKY and D. MONROE and A. CALIFANO},
        title = {Dialogue on Reverse-Engineering Assessment and Methods: The {DREAM} of High-Throughput Pathway Inference},
        journal = {Annals of the New York Academy of Sciences}
}
@article{Zoppoli_2010,
        doi = {10.1186/1471-2105-11-154},
        url = {https://doi.org/10.1186%2F1471-2105-11-154},
        year = 2010,
        month = mar,
        publisher = {Springer Science and Business Media {LLC}},
        volume = {11},
        number = {1},
        author = {Pietro Zoppoli and Sandro Morganella and Michele Ceccarelli},
        title = {{TimeDelay}-{ARACNE}: Reverse engineering of gene networks from time-course data by an information theoretic approach},
        journal = {{BMC} Bioinformatics}
}
@article{Ernst_2007,
        doi = {10.1038/msb4100115},
        url = {https://doi.org/10.1038%2Fmsb4100115},
        year = 2007,
        month = jan,
        publisher = {{EMBO}},
        volume = {3},
        number = {1},
        author = {Jason Ernst and Oded Vainas and Christopher T Harbison and Itamar Simon and Ziv Bar-Joseph},
        title = {Reconstructing dynamic regulatory maps},
        journal = {Molecular Systems Biology}
}
@article{Schulz_2012,
        doi = {10.1186/1752-0509-6-104},
        url = {https://doi.org/10.1186%2F1752-0509-6-104},
        year = 2012,
        publisher = {Springer Science and Business Media {LLC}},
        volume = {6},
        number = {1},
        pages = {104},
        author = {Marcel H Schulz and William E Devanny and Anthony Gitter and Shan Zhong and Jason Ernst and Ziv Bar-Joseph},
        title = {{DREM} 2.0: Improved reconstruction of dynamic regulatory networks from time-series expression data},
        journal = {{BMC} Systems Biology}
}
@article{Ding_2018,
        doi = {10.1371/journal.pcbi.1006019},
        url = {https://doi.org/10.1371%2Fjournal.pcbi.1006019},
        year = 2018,
        month = mar,
        publisher = {Public Library of Science ({PLoS})},
        volume = {14},
        number = {3},
        pages = {e1006019},
        author = {Jun Ding and James S. Hagood and Namasivayam Ambalavanan and Naftali Kaminski and Ziv Bar-Joseph},
        editor = {Dina Schneidman},
        title = {{iDREM}: Interactive visualization of dynamic regulatory networks},
        journal = {{PLOS} Computational Biology}
}
@article{Conard_2021,
        doi = {10.1093/nar/gkab384},
        url = {https://doi.org/10.1093%2Fnar%2Fgkab384},
        year = 2021,
        month = jun,
        publisher = {Oxford University Press ({OUP})},
        volume = {49},
        number = {W1},
        pages = {W641--W653},
        author = {Ashley Mae Conard and Nathaniel Goodman and Yanhui Hu and Norbert Perrimon and Ritambhara Singh and Charles Lawrence and Erica Larschan},
        title = {{TIMEOR}: a web-based tool to uncover temporal regulatory mechanisms from multi-omics data},
        journal = {Nucleic Acids Research}
}
@article{Buhlmann,
    author = {Bühlmann, Peter; van de Geer, Sara},
    title = {Statistics for High-Dimensional Data: Methods, Theory and Applications},
    year = {2011},
    publisher = {{Springer-Verlag Berlin Heidelberg}}
}
@article{srivastava14a,
  author  = {Nitish Srivastava and Geoffrey Hinton and Alex Krizhevsky and Ilya Sutskever and Ruslan Salakhutdinov},
  title   = {Dropout: A Simple Way to Prevent Neural Networks from Overfitting},
  journal = {Journal of Machine Learning Research},
  year    = {2014},
  volume  = {15},
  number  = {56},
  pages   = {1929--1958},
  url     = {http://jmlr.org/papers/v15/srivastava14a.html}
}
@article{Ma_2020,
        doi = {10.1016/j.cell.2020.09.056},
        url = {https://doi.org/10.1016%2Fj.cell.2020.09.056},
        year = 2020,
        month = nov,
        publisher = {Elsevier {BV}},
        volume = {183},
        number = {4},
        pages = {1103--1116.e20},
        author = {Sai Ma and Bing Zhang and Lindsay M. LaFave and Andrew S. Earl and Zachary Chiang and Yan Hu and Jiarui Ding and Alison Brack and Vinay K. Kartha and Tristan Tay and Travis Law and Caleb Lareau and Ya-Chieh Hsu and Aviv Regev and Jason D. Buenrostro},
        title = {Chromatin Potential Identified by Shared Single-Cell Profiling of {RNA} and Chromatin},
        journal = {Cell}
}
@article{Cao_2018,
        doi = {10.1126/science.aau0730},
        url = {https://doi.org/10.1126%2Fscience.aau0730},
        year = 2018,
        month = sep,
        publisher = {American Association for the Advancement of Science ({AAAS})},
        volume = {361},
        number = {6409},
        pages = {1380--1385},
        author = {Junyue Cao and Darren A. Cusanovich and Vijay Ramani and Delasa Aghamirzaie and Hannah A. Pliner and Andrew J. Hill and Riza M. Daza and Jose L. McFaline-Figueroa and Jonathan S. Packer and Lena Christiansen and Frank J. Steemers and Andrew C. Adey and Cole Trapnell and Jay Shendure},
        title = {Joint profiling of chromatin accessibility and gene expression in thousands of single cells},
        journal = {Science}
}
@article{Chen_2019,
        doi = {10.1038/s41587-019-0290-0},
        url = {https://doi.org/10.1038%2Fs41587-019-0290-0},
        year = 2019,
        month = oct,
        publisher = {Springer Science and Business Media {LLC}},
        volume = {37},
        number = {12},
        pages = {1452--1457},
        author = {Song Chen and Blue B. Lake and Kun Zhang},
        title = {High-throughput sequencing of the transcriptome and chromatin accessibility in the same cell},
        journal = {Nature Biotechnology}
}
@misc{https://doi.org/10.48550/arxiv.2012.02936,
  doi = {10.48550/ARXIV.2012.02936},
  url = {https://arxiv.org/abs/2012.02936},
  author = {Gao, Lucy L. and Bien, Jacob and Witten, Daniela},
  keywords = {Methodology (stat.ME), Machine Learning (stat.ML), FOS: Computer and information sciences, FOS: Computer and information sciences},
  title = {Selective Inference for Hierarchical Clustering},
  publisher = {arXiv},
  year = {2020},
  copyright = {arXiv.org perpetual, non-exclusive license}
}
@article{Dibaeinia_2020,
        doi = {10.1016/j.cels.2020.08.003},
        url = {https://doi.org/10.1016%2Fj.cels.2020.08.003},
        year = 2020,
        month = sep,
        publisher = {Elsevier {BV}},
        volume = {11},
        number = {3},
        pages = {252--271.e11},
        author = {Payam Dibaeinia and Saurabh Sinha},
        title = {{SERGIO}: A Single-Cell Expression Simulator Guided by Gene Regulatory Networks},
        journal = {Cell Systems}
}
@article{Li_2022,
        doi = {10.1101/2022.10.15.512320},
        url = {https://doi.org/10.1101%2F2022.10.15.512320},
        year = 2022,
        month = oct,
        publisher = {Cold Spring Harbor Laboratory},
        author = {Hechen Li and Ziqi Zhang and Michael Squires and Xi Chen and Xiuwei Zhang},
        title = {{scMultiSim}: simulation of multi-modality single cell data guided by cell-cell interactions and gene regulatory networks}
}
@article{Ventre_2022,
        doi = {10.3233/isb-210226},
        url = {https://doi.org/10.3233%2Fisb-210226},
        year = 2022,
        month = jan,
        publisher = {{IOS} Press},
        volume = {14},
        number = {3-4},
        pages = {89--113},
        author = {Elias Ventre},
        title = {Reverse engineering of a mechanistic model of gene expression using metastability and temporal dynamics},
        journal = {In Silico Biology}
}
@article{hejnol2016,
    title = {Animal Evolution: Are Phyla Real?},
    journal = {Current Biology},
    volume = {26},
    number = {10},
    pages = {R424-R426},
    year = {2016},
    issn = {0960-9822},
    doi = {https://doi.org/10.1016/j.cub.2016.03.058},
    url = {https://www.sciencedirect.com/science/article/pii/S0960982216303037},
    author = {Andreas Hejnol and Casey W. Dunn},
    abstract = {Summary
    A recent study compares developmental gene expression among very distantly related animal species and interprets the results as providing biological justification for phyla. Several problems in the design and interpretation of the study call this conclusion into question.}
}

@article{encode_guidelines2012,
  doi = {10.1101/gr.136184.111},
  url = {https://doi.org/10.1101/gr.136184.111},
  year = {2012},
  month = sep,
  publisher = {Cold Spring Harbor Laboratory},
  volume = {22},
  number = {9},
  pages = {1813--1831},
  author = {Stephen G. Landt and Georgi K. Marinov and Anshul Kundaje and Pouya Kheradpour and Florencia Pauli and Serafim Batzoglou and Bradley E. Bernstein and Peter Bickel and James B. Brown and Philip Cayting and Yiwen Chen and Gilberto DeSalvo and Charles Epstein and Katherine I. Fisher-Aylor and Ghia Euskirchen and Mark Gerstein and Jason Gertz and Alexander J. Hartemink and Michael M. Hoffman and Vishwanath R. Iyer and Youngsook L. Jung and Subhradip Karmakar and Manolis Kellis and Peter V. Kharchenko and Qunhua Li and Tao Liu and X. Shirley Liu and Lijia Ma and Aleksandar Milosavljevic and Richard M. Myers and Peter J. Park and Michael J. Pazin and Marc D. Perry and Debasish Raha and Timothy E. Reddy and Joel Rozowsky and Noam Shoresh and Arend Sidow and Matthew Slattery and John A. Stamatoyannopoulos and Michael Y. Tolstorukov and Kevin P. White and Simon Xi and Peggy J. Farnham and Jason D. Lieb and Barbara J. Wold and Michael Snyder},
  title = {{ChIP}-seq guidelines and practices of the {ENCODE} and {modENCODE} consortia},
  journal = {Genome Research}
}

@article{marletaz2018,
  doi = {10.1038/s41586-018-0734-6},
  url = {https://doi.org/10.1038/s41586-018-0734-6},
  year = {2018},
  month = nov,
  publisher = {Springer Science and Business Media {LLC}},
  volume = {564},
  number = {7734},
  pages = {64--70},
  author = {Ferdinand Marl{\'{e}}taz and Panos N. Firbas and Ignacio Maeso and Juan J. Tena and Ozren Bogdanovic and Malcolm Perry and Christopher D. R. Wyatt and Elisa de la Calle-Mustienes and Stephanie Bertrand and Demian Burguera and Rafael D. Acemel and Simon J. van Heeringen and Silvia Naranjo and Carlos Herrera-Ubeda and Ksenia Skvortsova and Sandra Jimenez-Gancedo and Daniel Aldea and Yamile Marquez and Lorena Buono and Iryna Kozmikova and Jon Permanyer and Alexandra Louis and Beatriz Albuixech-Crespo and Yann Le Petillon and Anthony Leon and Lucie Subirana and Piotr J. Balwierz and Paul Edward Duckett and Ensieh Farahani and Jean-Marc Aury and Sophie Mangenot and Patrick Wincker and Ricard Albalat and {\`{E}}lia Benito-Guti{\'{e}}rrez and Cristian Ca{\~{n}}estro and Filipe Castro and Salvatore D'Aniello and David E. K. Ferrier and Shengfeng Huang and Vincent Laudet and Gabriel A. B. Marais and Pierre Pontarotti and Michael Schubert and Herv{\'{e}} Seitz and Ildiko Somorjai and Tokiharu Takahashi and Olivier Mirabeau and Anlong Xu and Jr-Kai Yu and Piero Carninci and Juan Ramon Martinez-Morales and Hugues Roest Crollius and Zbynek Kozmik and Matthew T. Weirauch and Jordi Garcia-Fern{\`{a}}ndez and Ryan Lister and Boris Lenhard and Peter W. H. Holland and Hector Escriva and Jose Luis G{\'{o}}mez-Skarmeta and Manuel Irimia},
  title = {Amphioxus functional genomics and the origins of vertebrate gene regulation},
  journal = {Nature}
}

@article{DomazetLoso2010,
  doi = {10.1038/nature09632},
  url = {https://doi.org/10.1038/nature09632},
  year = {2010},
  month = dec,
  publisher = {Springer Science and Business Media {LLC}},
  volume = {468},
  number = {7325},
  pages = {815--818},
  author = {Tomislav Domazet-Lo{\v{s}}o and Diethard Tautz},
  title = {A phylogenetically based transcriptome age index mirrors ontogenetic divergence patterns},
  journal = {Nature}
}

@article{Quint2012,
  doi = {10.1038/nature11394},
  url = {https://doi.org/10.1038/nature11394},
  year = {2012},
  month = sep,
  publisher = {Springer Science and Business Media {LLC}},
  volume = {490},
  number = {7418},
  pages = {98--101},
  author = {Marcel Quint and Hajk-Georg Drost and Alexander Gabel and Kristian Karsten Ullrich and Markus B\"{o}nn and Ivo Grosse},
  title = {A transcriptomic hourglass in plant embryogenesis},
  journal = {Nature}
}

@article{Cheng2015,
  doi = {10.1093/molbev/msv047},
  url = {https://doi.org/10.1093/molbev/msv047},
  year = {2015},
  month = mar,
  publisher = {Oxford University Press ({OUP})},
  volume = {32},
  number = {6},
  pages = {1556--1566},
  author = {Xuanjin Cheng and Jerome Ho Lam Hui and Yung Yung Lee and Patrick Tik Wan Law and Hoi Shan Kwan},
  title = {A {\textquotedblleft}Developmental Hourglass{\textquotedblright} in Fungi},
  journal = {Molecular Biology and Evolution}
}

@article{Liu2020,
  doi = {10.1186/s12915-020-00842-z},
  url = {https://doi.org/10.1186/s12915-020-00842-z},
  year = {2020},
  month = sep,
  publisher = {Springer Science and Business Media {LLC}},
  volume = {18},
  number = {1},
  author = {Jialin Liu and Michael Frochaux and Vincent Gardeux and Bart Deplancke and Marc Robinson-Rechavi},
  title = {Inter-embryo gene expression variability recapitulates the hourglass pattern of evo-devo},
  journal = {{BMC} Biology}
}

@article{Uesaka2019,
  doi = {10.1186/s40851-019-0148-9},
  url = {https://doi.org/10.1186/s40851-019-0148-9},
  year = {2019},
  month = nov,
  publisher = {Springer Science and Business Media {LLC}},
  volume = {5},
  number = {1},
  author = {Masahiro Uesaka and Shigeru Kuratani and Hiroyuki Takeda and Naoki Irie},
  title = {Recapitulation-like developmental transitions of chromatin accessibility in vertebrates},
  journal = {Zoological Letters}
}

@article{Uchida2022,
  doi = {10.1186/s12915-022-01276-5},
  url = {https://doi.org/10.1186/s12915-022-01276-5},
  year = {2022},
  month = apr,
  publisher = {Springer Science and Business Media {LLC}},
  volume = {20},
  number = {1},
  author = {Yui Uchida and Shuji Shigenobu and Hiroyuki Takeda and Chikara Furusawa and Naoki Irie},
  title = {Potential contribution of intrinsic developmental stability toward body plan conservation},
  journal = {{BMC} Biology}
}

@article{Piasecka2013,
  doi = {10.1371/journal.pgen.1003476},
  url = {https://doi.org/10.1371/journal.pgen.1003476},
  year = {2013},
  month = apr,
  publisher = {Public Library of Science ({PLoS})},
  volume = {9},
  number = {4},
  pages = {e1003476},
  author = {Barbara Piasecka and Pawe{\l} Lichocki and S{\'{e}}bastien Moretti and Sven Bergmann and Marc Robinson-Rechavi},
  editor = {Gregory S. Barsh},
  title = {The Hourglass and the Early Conservation Models{\textemdash}Co-Existing Patterns of Developmental Constraints in Vertebrates},
  journal = {{PLoS} Genetics}
}

@article{OlafRP2003,
  doi = {10.1098/rspb.2002.2242},
  url = {https://doi.org/10.1098/rspb.2002.2242},
  year = {2003},
  month = feb,
  publisher = {The Royal Society},
  volume = {270},
  number = {1513},
  pages = {341--346},
  author = {Bininda-Emonds Olaf R. P. and Jeffery Jonathan E. and Michael K. Richardson},
  title = {Inverting the hourglass: quantitative evidence against the phylotypic stage in vertebrate development},
  journal = {Proceedings of the Royal Society of London. Series B: Biological Sciences}
}

@article{Cordero2020,
  doi = {10.1098/rsbl.2020.0087},
  url = {https://doi.org/10.1098/rsbl.2020.0087},
  year = {2020},
  month = may,
  publisher = {The Royal Society},
  volume = {16},
  number = {5},
  pages = {20200087},
  author = {Gerardo A. Cordero and Marcelo R. S{\'{a}}nchez-Villagra and Ingmar Werneburg},
  title = {An irregular hourglass pattern describes the tempo of phenotypic development in placental mammal evolution},
  journal = {Biology Letters}
}

@article{Hu2017,
  doi = {10.1038/s41559-017-0318-0},
  url = {https://doi.org/10.1038/s41559-017-0318-0},
  year = {2017},
  month = sep,
  publisher = {Springer Science and Business Media {LLC}},
  volume = {1},
  number = {11},
  pages = {1722--1730},
  author = {Haiyang Hu and Masahiro Uesaka and Song Guo and Kotaro Shimai and Tsai-Ming Lu and Fang Li and Satoko Fujimoto and Masato Ishikawa and Shiping Liu and Yohei Sasagawa and Guojie Zhang and Shigeru Kuratani and Jr-Kai Yu and Takehiro G. Kusakabe and Philipp Khaitovich and Naoki Irie and},
  title = {Constrained vertebrate evolution by pleiotropic genes},
  journal = {Nature Ecology and Evolution}
}

@article{Liu2021,
  doi = {10.1101/gr.275212.121},
  url = {https://doi.org/10.1101/gr.275212.121},
  year = {2021},
  month = jul,
  publisher = {Cold Spring Harbor Laboratory},
  volume = {31},
  number = {9},
  pages = {1573--1581},
  author = {Jialin Liu and Rebecca R. Viales and Pierre Khoueiry and James P. Reddington and Charles Girardot and Eileen E.M. Furlong and Marc Robinson-Rechavi},
  title = {The hourglass model of evolutionary conservation during embryogenesis extends to developmental enhancers with signatures of positive selection},
  journal = {Genome Research}
}

@article{Irie2011,
  doi = {10.1038/ncomms1248},
  url = {https://doi.org/10.1038/ncomms1248},
  year = {2011},
  month = mar,
  publisher = {Springer Science and Business Media {LLC}},
  volume = {2},
  number = {1},
  author = {Naoki Irie and Shigeru Kuratani},
  title = {Comparative transcriptome analysis reveals vertebrate phylotypic period during organogenesis},
  journal = {Nature Communications}
}

@article{Kalinka2010,
  doi = {10.1038/nature09634},
  url = {https://doi.org/10.1038/nature09634},
  year = {2010},
  month = dec,
  publisher = {Springer Science and Business Media {LLC}},
  volume = {468},
  number = {7325},
  pages = {811--814},
  author = {Alex T. Kalinka and Karolina M. Varga and Dave T. Gerrard and Stephan Preibisch and David L. Corcoran and Julia Jarrells and Uwe Ohler and Casey M. Bergman and Pavel Tomancak},
  title = {Gene expression divergence recapitulates the developmental hourglass model},
  journal = {Nature}
}

@article{Levin2016,
  doi = {10.1038/nature16994},
  url = {https://doi.org/10.1038/nature16994},
  year = {2016},
  month = feb,
  publisher = {Springer Science and Business Media {LLC}},
  volume = {531},
  number = {7596},
  pages = {637--641},
  author = {Michal Levin and Leon Anavy and Alison G. Cole and Eitan Winter and Natalia Mostov and Sally Khair and Naftalie Senderovich and Ekaterina Kovalev and David H. Silver and Martin Feder and Selene L. Fernandez-Valverde and Nagayasu Nakanishi and David Simmons and Oleg Simakov and Tomas Larsson and Shang-Yun Liu and Ayelet Jerafi-Vider and Karina Yaniv and Joseph F. Ryan and Mark Q. Martindale and Jochen C. Rink and Detlev Arendt and Sandie M. Degnan and Bernard M. Degnan and Tamar Hashimshony and Itai Yanai},
  title = {The mid-developmental transition and the evolution of animal body plans},
  journal = {Nature}
}

@article{Mayshar2023,
  doi = {10.1016/j.cell.2023.04.037},
  url = {https://doi.org/10.1016/j.cell.2023.04.037},
  year = {2023},
  month = may,
  publisher = {Elsevier {BV}},
  author = {Yoav Mayshar and Ofir Raz and Saifeng Cheng and Raz Ben-Yair and Ron Hadas and Netta Reines and Markus Mittnenzweig and Oren Ben-Kiki and Aviezer Lifshitz and Amos Tanay and Yonatan Stelzer},
  title = {Time-aligned hourglass gastrulation models in rabbit and mouse},
  journal = {Cell}
}

@article{Chan2021,
  doi = {10.1093/gbe/evab160},
  url = {https://doi.org/10.1093/gbe/evab160},
  year = {2021},
  month = jul,
  publisher = {Oxford University Press ({OUP})},
  volume = {13},
  number = {8},
  author = {Megan E Chan and Pranav S Bhamidipati and Heather J Goldsby and Arend Hintze and Hans A Hofmann and Rebecca L Young},
  editor = {Mar Alba},
  title = {Comparative Transcriptomics Reveals Distinct Patterns of Gene Expression Conservation through Vertebrate Embryogenesis},
  journal = {Genome Biology and Evolution}
}

@article{Dunn2018,
  doi = {10.1073/pnas.1707515115},
  url = {https://doi.org/10.1073/pnas.1707515115},
  year = {2018},
  month = jan,
  publisher = {Proceedings of the National Academy of Sciences},
  volume = {115},
  number = {3},
  author = {Casey W. Dunn and Felipe Zapata and Catriona Munro and Stefan Siebert and Andreas Hejnol},
  title = {Pairwise comparisons across species are problematic when analyzing functional genomic data},
  journal = {Proceedings of the National Academy of Sciences}
}

@article{Owens2016,
  doi = {10.1016/j.celrep.2015.12.050},
  url = {https://doi.org/10.1016/j.celrep.2015.12.050},
  year = {2016},
  month = jan,
  publisher = {Elsevier {BV}},
  volume = {14},
  number = {3},
  pages = {632--647},
  author = {Nick~D.L. Owens and Ira~L. Blitz and Maura~A. Lane and Ilya Patrushev and John~D. Overton and Michael~J. Gilchrist and Ken~W.Y. Cho and Mustafa~K. Khokha},
  title = {Measuring Absolute {RNA} Copy Numbers at High Temporal Resolution Reveals Transcriptome Kinetics in Development},
  journal = {Cell Reports}
}

@article{Yanai2011,
  doi = {10.1016/j.devcel.2011.03.015},
  url = {https://doi.org/10.1016/j.devcel.2011.03.015},
  year = {2011},
  month = apr,
  publisher = {Elsevier {BV}},
  volume = {20},
  number = {4},
  pages = {483--496},
  author = {Itai Yanai and Leonid Peshkin and Paul Jorgensen and Marc~W. Kirschner},
  title = {Mapping Gene Expression in Two Xenopus Species: Evolutionary Constraints and Developmental Flexibility},
  journal = {Developmental Cell}
}

@article{Levin2012,
  doi = {10.1016/j.devcel.2012.04.004},
  url = {https://doi.org/10.1016/j.devcel.2012.04.004},
  year = {2012},
  month = may,
  publisher = {Elsevier {BV}},
  volume = {22},
  number = {5},
  pages = {1101--1108},
  author = {Michal Levin and Tamar Hashimshony and Florian Wagner and Itai Yanai},
  title = {Developmental Milestones Punctuate Gene Expression in the Caenorhabditis Embryo},
  journal = {Developmental Cell}
}

@article{Malik2017,
  doi = {10.1016/j.ydbio.2017.07.019},
  url = {https://doi.org/10.1016/j.ydbio.2017.07.019},
  year = {2017},
  month = oct,
  publisher = {Elsevier {BV}},
  volume = {430},
  number = {1},
  pages = {202--213},
  author = {Assaf Malik and Tsvia Gildor and Noa Sher and Majed Layous and Smadar Ben-Tabou de-Leon},
  title = {Parallel embryonic transcriptional programs evolve under distinct constraints and may enable morphological conservation amidst adaptation},
  journal = {Developmental Biology}
}

@article{Gildor2019,
  doi = {10.1038/s41598-019-52577-9},
  url = {https://doi.org/10.1038/s41598-019-52577-9},
  year = {2019},
  month = nov,
  publisher = {Springer Science and Business Media {LLC}},
  volume = {9},
  number = {1},
  author = {Tsvia Gildor and Gregory A. Cary and Maya Lalzar and Veronica F. Hinman and Smadar Ben-Tabou de-Leon},
  title = {Developmental transcriptomes of the sea star,  Patiria miniata,  illuminate how gene expression changes with evolutionary distance},
  journal = {Scientific Reports}
}

@article{PerezPosada2022,
  doi = {10.1101/2022.06.10.495707},
  url = {https://doi.org/10.1101/2022.06.10.495707},
  year = {2022},
  month = jun,
  publisher = {Cold Spring Harbor Laboratory},
  author = {Alberto Perez-Posada and Che-Yi Lin and Ching-Yi Lin and Yi-Chih Chen and Jos{\'{e}} Luis G{\'{o}}mez Skarmeta and Jr-Kai Yu and Yi-Hsien Su and Juan J. Tena},
  title = {Insights into deuterostome evolution from the biphasic transcriptional programmes of hemichordates},
  journal = {bioRxiv}
}

@article{Uchida2018,
  doi = {10.1186/s13227-018-0095-0},
  url = {https://doi.org/10.1186/s13227-018-0095-0},
  year = {2018},
  month = mar,
  publisher = {Springer Science and Business Media {LLC}},
  volume = {9},
  number = {1},
  author = {Yui Uchida and Masahiro Uesaka and Takayoshi Yamamoto and Hiroyuki Takeda and Naoki Irie},
  title = {Embryonic lethality is not sufficient to explain hourglass-like conservation of vertebrate embryos},
  journal = {{EvoDevo}}
}

@article{Medawar1954,
  doi = {10.1242/dev.2.2.172},
  url = {https://doi.org/10.1242/dev.2.2.172},
  year = {1954},
  month = jun,
  publisher = {The Company of Biologists},
  volume = {2},
  number = {2},
  pages = {172--174},
  author = {P. B. Medawar},
  title = {The Significance of Inductive Relationships in the Development of Vertebrates},
  journal = {Development}
}

@book{Cohen1963,
    year = {1963},
    title = {Living embryos},
    author = {Jack Cohen},
    publisher = {Oxford\, Pergamon}
}

@article{Cohen1993,
  doi = {10.1038/363307a0},
  url = {https://doi.org/10.1038/363307a0},
  year = {1993},
  month = may,
  publisher = {Springer Science and Business Media {LLC}},
  volume = {363},
  number = {6427},
  pages = {307--307},
  author = {Jack Cohen},
  title = {Development of the zootype},
  journal = {Nature}
}

@article{Duboule1994,
  doi = {10.1242/dev.1994.supplement.135},
  url = {https://doi.org/10.1242/dev.1994.supplement.135},
  year = {1994},
  month = jan,
  publisher = {The Company of Biologists},
  volume = {1994},
  number = {Supplement},
  pages = {135--142},
  author = {Denis Duboule},
  title = {Temporal colinearity and the phylotypic progression: a basis for the stability of a vertebrate Bauplan and the evolution of morphologies through heterochrony},
  journal = {Development}
}

@book{raff1996,
  title     = {The Shape of Life},
  author    = {Rudolf A. Raff},
  year      = {1996},
  publisher = {The University Of Chicago Press},
}

@article{Leong2022,
  doi = {10.3390/life12030440},
  url = {https://doi.org/10.3390/life12030440},
  year = {2022},
  month = mar,
  publisher = {{MDPI} {AG}},
  volume = {12},
  number = {3},
  pages = {440},
  author = {Jason Cheok Kuan Leong and Masahiro Uesaka and Naoki Irie},
  title = {Distinguishing Evolutionary Conservation from Derivedness},
  journal = {Life}
}

@book{Seidel1960,
  title = {K{\"o}rpergrundgestalt und Keimstruktur. Eine Er{\"o}rterung über die Grundlagen der vergleichenden und experimentellen Embryologie und deren G{\"u}ltigkeit bei phylogenetischen Berlegungen},
  author = {F. Seidel},
  year = {1960},
}

@article{Kalinka2012,
  doi = {10.1016/j.tree.2012.03.007},
  url = {https://doi.org/10.1016/j.tree.2012.03.007},
  year = {2012},
  month = jul,
  publisher = {Elsevier {BV}},
  volume = {27},
  number = {7},
  pages = {385--393},
  author = {Alex T. Kalinka and Pavel Tomancak},
  title = {The evolution of early animal embryos: conservation or divergence?},
  journal = {Trends in Ecology and Evolution}
}

@book{Aristotle1943,
  title = {Generation of animals},
  author = {A. Aristotle and A. L. Peck},
  year = {1943},
  publisher = {Harvard University Press}
}

@article{Slack1993,
  doi = {10.1038/361490a0},
  url = {https://doi.org/10.1038/361490a0},
  year = {1993},
  month = feb,
  publisher = {Springer Science and Business Media {LLC}},
  volume = {361},
  number = {6412},
  pages = {490--492},
  author = {J. M. W. Slack and P. W. H. Holland and C. F. Graham},
  title = {The zootype and the phylotypic stage},
  journal = {Nature}
}

@article{Kimmel1995,
  doi = {10.1002/aja.1002030302},
  url = {https://doi.org/10.1002/aja.1002030302},
  year = {1995},
  month = jul,
  publisher = {Wiley},
  volume = {203},
  number = {3},
  pages = {253--310},
  author = {Charles B. Kimmel and William W. Ballard and Seth R. Kimmel and Bonnie Ullmann and Thomas F. Schilling},
  title = {Stages of embryonic development of the zebrafish},
  journal = {Developmental Dynamics}
}

@article{Drost2017,
  doi = {10.1016/j.gde.2017.03.003},
  url = {https://doi.org/10.1016/j.gde.2017.03.003},
  year = {2017},
  month = aug,
  publisher = {Elsevier {BV}},
  volume = {45},
  pages = {69--75},
  author = {Hajk-Georg Drost and Philipp Janitza and Ivo Grosse and Marcel Quint},
  title = {Cross-kingdom comparison of the developmental hourglass},
  journal = {Current Opinion in Genetics and Development}
}

@article{Irie2014,
  doi = {10.1242/dev.107318},
  url = {https://doi.org/10.1242/dev.107318},
  year = {2014},
  month = dec,
  publisher = {The Company of Biologists},
  volume = {141},
  number = {24},
  pages = {4649--4655},
  author = {N. Irie and S. Kuratani},
  title = {The developmental hourglass model: a predictor of the basic body plan?},
  journal = {Development}
}

@article{BinindaEmonds2002,
  doi = {10.1007/s12064-002-0016-5},
  url = {https://doi.org/10.1007/s12064-002-0016-5},
  year = {2002},
  month = nov,
  publisher = {Springer Science and Business Media {LLC}},
  volume = {121},
  number = {3},
  pages = {297--320},
  author = {Olaf R. P. Bininda-Emonds and Jonathan E. Jeffery and Michael I. Coates and Michael K. Richardson},
  title = {From Haeckel to event-pairing: the evolution of developmental sequences},
  journal = {Theory in Biosciences}
}

@article{Kannan2021,
  doi = {10.1371/journal.pcbi.1009305},
  url = {https://doi.org/10.1371/journal.pcbi.1009305},
  year = {2021},
  month = sep,
  publisher = {Public Library of Science ({PLoS})},
  volume = {17},
  number = {9},
  pages = {e1009305},
  author = {Suraj Kannan and Michael Farid and Brian L. Lin and Matthew Miyamoto and Chulan Kwon},
  editor = {Jeffrey J. Saucerman},
  title = {Transcriptomic entropy benchmarks stem cell-derived cardiomyocyte maturation against endogenous tissue at single cell level},
  journal = {{PLOS} Computational Biology}
}

@article{Leong2021,
  doi = {10.3389/fcell.2021.749963},
  url = {https://doi.org/10.3389/fcell.2021.749963},
  year = {2021},
  month = nov,
  publisher = {Frontiers Media {SA}},
  volume = {9},
  author = {Jason Cheok Kuan Leong and Yongxin Li and Masahiro Uesaka and Yui Uchida and Akihito Omori and Meng Hao and Wenting Wan and Yang Dong and Yandong Ren and Si Zhang and Tao Zeng and Fayou Wang and Luonan Chen and Gary Wessel and Brian T. Livingston and Cynthia Bradham and Wen Wang and Naoki Irie},
  title = {Derivedness Index for Estimating Degree of Phenotypic Evolution of Embryos: A Study of Comparative Transcriptomic Analyses of Chordates and Echinoderms},
  journal = {Frontiers in Cell and Developmental Biology}
}

@article{Choudhary2019,
  doi = {10.12688/f1000research.18676.1},
  url = {https://doi.org/10.12688/f1000research.18676.1},
  year = {2019},
  month = apr,
  publisher = {F1000 Research Ltd},
  volume = {8},
  pages = {532},
  author = {Saket Choudhary},
  title = {pysradb: A Python package to query next-generation sequencing metadata and data from {NCBI} Sequence Read Archive},
  journal = {F1000Research}
}

@article{Frlich2023,
  doi = {10.1093/bioinformatics/btad119},
  url = {https://doi.org/10.1093/bioinformatics/btad119},
  year = {2023},
  month = mar,
  publisher = {Oxford University Press ({OUP})},
  volume = {39},
  number = {3},
  author = {Siebren Fr\"{o}lich and Maarten van der Sande and Tilman Sch\"{a}fers and Simon J van Heeringen},
  editor = {Tobias Marschall},
  title = {genomepy: genes and genomes at your fingertips},
  journal = {Bioinformatics}
}

@article{Chen2018,
  doi = {10.1093/bioinformatics/bty560},
  url = {https://doi.org/10.1093/bioinformatics/bty560},
  year = {2018},
  month = sep,
  publisher = {Oxford University Press ({OUP})},
  volume = {34},
  number = {17},
  pages = {i884--i890},
  author = {Shifu Chen and Yanqing Zhou and Yaru Chen and Jia Gu},
  title = {fastp: an ultra-fast all-in-one {FASTQ} preprocessor},
  journal = {Bioinformatics}
}

@article{Dobin2012,
  doi = {10.1093/bioinformatics/bts635},
  url = {https://doi.org/10.1093/bioinformatics/bts635},
  year = {2012},
  month = oct,
  publisher = {Oxford University Press ({OUP})},
  volume = {29},
  number = {1},
  pages = {15--21},
  author = {Alexander Dobin and Carrie A. Davis and Felix Schlesinger and Jorg Drenkow and Chris Zaleski and Sonali Jha and Philippe Batut and Mark Chaisson and Thomas R. Gingeras},
  title = {{STAR}: ultrafast universal {RNA}-seq aligner},
  journal = {Bioinformatics}
}

@misc{picard,
  author = {Broad Institute},
  title = {Picard Tools},
  journal = {Broad Institute, GitHub repository},
  howpublished = {\url{http://broadinstitute.github.io/picard/}}
}

@article{Danecek2021,
  doi = {10.1093/gigascience/giab008},
  url = {https://doi.org/10.1093/gigascience/giab008},
  year = {2021},
  month = jan,
  publisher = {Oxford University Press ({OUP})},
  volume = {10},
  number = {2},
  author = {Petr Danecek and James K Bonfield and Jennifer Liddle and John Marshall and Valeriu Ohan and Martin O Pollard and Andrew Whitwham and Thomas Keane and Shane A McCarthy and Robert M Davies and Heng Li},
  title = {Twelve years of {SAMtools} and {BCFtools}},
  journal = {{GigaScience}}
}

@article{Anders2014,
  doi = {10.1093/bioinformatics/btu638},
  url = {https://doi.org/10.1093/bioinformatics/btu638},
  year = {2014},
  month = sep,
  publisher = {Oxford University Press ({OUP})},
  volume = {31},
  number = {2},
  pages = {166--169},
  author = {Simon Anders and Paul Theodor Pyl and Wolfgang Huber},
  title = {{HTSeq}{\textemdash}a Python framework to work with high-throughput sequencing data},
  journal = {Bioinformatics}
}

@article{Ewels2016,
  doi = {10.1093/bioinformatics/btw354},
  url = {https://doi.org/10.1093/bioinformatics/btw354},
  year = {2016},
  month = jun,
  publisher = {Oxford University Press ({OUP})},
  volume = {32},
  number = {19},
  pages = {3047--3048},
  author = {Philip Ewels and M{\aa}ns Magnusson and Sverker Lundin and Max K\"{a}ller},
  title = {{MultiQC}: summarize analysis results for multiple tools and samples in a single report},
  journal = {Bioinformatics}
}

@misc{seq2science,
  doi = {10.5281/ZENODO.7851762},
  url = {https://zenodo.org/record/7851762},
  author = {Van Der Sande,  Maarten and Fr\"{o}lich,  Siebren and Smits,  Jos and Sch\"{a}fers,  Tilman and Snabel,  Rebecca and Van Heeringen,  Simon},
  keywords = {snakemake,  bioinformatics,  bioinformatics-pipeline,  atac-seq,  rna-seq,  chip-seq,  reproducible-research,  ngs},
  title = {seq2science},
  publisher = {Zenodo},
  year = {2023},
  copyright = {Open Access}
}

@article{Pertea2020,
  doi = {10.12688/f1000research.23297.2},
  url = {https://doi.org/10.12688/f1000research.23297.2},
  year = {2020},
  month = sep,
  publisher = {F1000 Research Ltd},
  volume = {9},
  pages = {304},
  author = {Geo Pertea and Mihaela Pertea},
  title = {{GFF} Utilities: {GffRead} and {GffCompare}},
  journal = {F1000Research}
}

@article{Emms2019,
  doi = {10.1186/s13059-019-1832-y},
  url = {https://doi.org/10.1186/s13059-019-1832-y},
  year = {2019},
  month = nov,
  publisher = {Springer Science and Business Media {LLC}},
  volume = {20},
  number = {1},
  author = {David M. Emms and Steven Kelly},
  title = {{OrthoFinder}: phylogenetic orthology inference for comparative genomics},
  journal = {Genome Biology}
}

@misc{bwamem2,
  doi = {10.48550/ARXIV.1907.12931},
  url = {https://arxiv.org/abs/1907.12931},
  author = {Md,  Vasimuddin and Misra,  Sanchit and Li,  Heng and Aluru,  Srinivas},
  keywords = {Distributed,  Parallel,  and Cluster Computing (cs.DC),  Computational Engineering,  Finance,  and Science (cs.CE),  Performance (cs.PF),  Genomics (q-bio.GN),  FOS: Computer and information sciences,  FOS: Computer and information sciences,  FOS: Biological sciences,  FOS: Biological sciences},
  title = {Efficient Architecture-Aware Acceleration of BWA-MEM for Multicore Systems},
  publisher = {arXiv},
  year = {2019},
  copyright = {Creative Commons Attribution Non Commercial Share Alike 4.0 International}
}

@misc{qnorm,
  doi = {10.5281/ZENODO.5546255},
  url = {https://zenodo.org/record/5546255},
  author = {Van Der Sande,  Maarten and Van Heeringen,  Simon},
  keywords = {bioinformatics,  normalization,  quantile normalization,  python,  statistics},
  title = {Qnorm: fast-ish (and correct!) quantile normalization in Python},
  publisher = {Zenodo},
  year = {2021},
  copyright = {Open Access}
}

@article{Crusoe2015,
  doi = {10.12688/f1000research.6924.1},
  url = {https://doi.org/10.12688/f1000research.6924.1},
  year = {2015},
  month = sep,
  publisher = {F1000 Research Ltd},
  volume = {4},
  pages = {900},
  author = {Michael R. Crusoe and Hussien F. Alameldin and Sherine Awad and Elmar Boucher and Adam Caldwell and Reed Cartwright and Amanda Charbonneau and Bede Constantinides and Greg Edvenson and Scott Fay and Jacob Fenton and Thomas Fenzl and Jordan Fish and Leonor Garcia-Gutierrez and Phillip Garland and Jonathan Gluck and Iv{\'{a}}n Gonz{\'{a}}lez and Sarah Guermond and Jiarong Guo and Aditi Gupta and Joshua R. Herr and Adina Howe and Alex Hyer and Andreas H\"{a}rpfer and Luiz Irber and Rhys Kidd and David Lin and Justin Lippi and Tamer Mansour and Pamela McA{\textquotesingle}Nulty and Eric McDonald and Jessica Mizzi and Kevin D. Murray and Joshua R. Nahum and Kaben Nanlohy and Alexander Johan Nederbragt and Humberto Ortiz-Zuazaga and Jeramia Ory and Jason Pell and Charles Pepe-Ranney and Zachary N. Russ and Erich Schwarz and Camille Scott and Josiah Seaman and Scott Sievert and Jared Simpson and Connor T. Skennerton and James Spencer and Ramakrishnan Srinivasan and Daniel Standage and James A. Stapleton and Susan R. Steinman and Joe Stein and Benjamin Taylor and Will Trimble and Heather L. Wiencko and Michael Wright and Brian Wyss and Qingpeng Zhang and en zyme and C. Titus Brown},
  title = {The khmer software package: enabling efficient nucleotide sequence analysis},
  journal = {F1000Research}
}

@article{Zhang2008,
  doi = {10.1186/gb-2008-9-9-r137},
  url = {https://doi.org/10.1186/gb-2008-9-9-r137},
  year = {2008},
  month = sep,
  publisher = {Springer Science and Business Media {LLC}},
  volume = {9},
  number = {9},
  author = {Yong Zhang and Tao Liu and Clifford A Meyer and J{\'{e}}r{\^{o}}me Eeckhoute and David S Johnson and Bradley E Bernstein and Chad Nusbaum and Richard M Myers and Myles Brown and Wei Li and X Shirley Liu},
  title = {Model-based Analysis of {ChIP}-Seq ({MACS})},
  journal = {Genome Biology}
}

@article{gimmemotifs,
  doi = {10.1101/474403},
  url = {https://doi.org/10.1101/474403},
  year = {2018},
  month = nov,
  publisher = {Cold Spring Harbor Laboratory},
  author = {Niklas Bruse and Simon J. van Heeringen},
  title = {{GimmeMotifs}: an analysis framework for transcription factor motif analysis}
}

@article{Stovner2019,
  doi = {10.1093/bioinformatics/btz615},
  url = {https://doi.org/10.1093/bioinformatics/btz615},
  year = {2019},
  month = aug,
  publisher = {Oxford University Press ({OUP})},
  volume = {36},
  number = {3},
  pages = {918--919},
  author = {Endre Bakken Stovner and P{\aa}l S{\ae}trom},
  editor = {John Hancock},
  title = {{PyRanges}: efficient comparison of genomic intervals in Python},
  journal = {Bioinformatics}
}

@article{Onimaru2021,
  doi = {10.7554/elife.62865},
  url = {https://doi.org/10.7554/elife.62865},
  year = {2021},
  month = feb,
  publisher = {{eLife} Sciences Publications,  Ltd},
  volume = {10},
  author = {Koh Onimaru and Kaori Tatsumi and Chiharu Tanegashima and Mitsutaka Kadota and Osamu Nishimura and Shigehiro Kuraku},
  title = {Developmental hourglass and heterochronic shifts in fin and limb development},
  journal = {{eLife}}
}

@article{Saccenti2023,
  doi = {10.3389/fsysb.2023.1042156},
  url = {https://doi.org/10.3389/fsysb.2023.1042156},
  year = {2023},
  month = jan,
  publisher = {Frontiers Media {SA}},
  volume = {3},
  author = {Edoardo Saccenti},
  title = {What can go wrong when observations are not independently and identically distributed: A cautionary note on calculating correlations on combined data sets from different experiments or conditions},
  journal = {Frontiers in Systems Biology}
}

@article{Kim2023,
  doi = {10.1016/j.celrep.2022.111978},
  url = {https://doi.org/10.1016/j.celrep.2022.111978},
  year = {2023},
  month = jan,
  publisher = {Elsevier {BV}},
  volume = {42},
  number = {1},
  pages = {111978},
  author = {Yun-Kyo Kim and Brandon Cho and David P. Cook and Dan Trcka and Jeffrey L. Wrana and Miguel Ramalho-Santos},
  title = {Absolute scaling of single-cell transcriptomes identifies pervasive hypertranscription in adult stem and progenitor cells},
  journal = {Cell Reports}
}

@article{Percharde2017,
  doi = {10.1016/j.devcel.2016.11.010},
  url = {https://doi.org/10.1016/j.devcel.2016.11.010},
  year = {2017},
  month = jan,
  publisher = {Elsevier {BV}},
  volume = {40},
  number = {1},
  pages = {9--21},
  author = {Michelle Percharde and Aydan Bulut-Karslioglu and Miguel Ramalho-Santos},
  title = {Hypertranscription in Development,  Stem Cells,  and Regeneration},
  journal = {Developmental Cell}
}

@book{haeckel1866,
  title     = "Generelle morphologie der organismen",
  author    = "Haeckel, Ernst",
  year      = 1866,
  publisher = "G. Reimer",
  address   = "Berlin"
}
@book{baer1828,
  title     = {{\"{U}}ber Entwickelungsgeschichte der Thiere},
  author    = "von Baer, Karl Ernst",
  year      = 1828,
  publisher = "Borntr{\"{a}}ger",
  address   = "K{\"{o}}ningsberg"
}
@book{ehrlich1974,
  title     = {The Process of Evolution},
  author    = {Paul Ehrlich and Dennis R. Parnell},
  year      = 1974,
  publisher = "McGraw-Hill Companies",
}
@article{Piovesan2019,
  doi = {10.1186/s13104-019-4343-8},
  url = {https://doi.org/10.1186/s13104-019-4343-8},
  year = {2019},
  month = jun,
  publisher = {Springer Science and Business Media {LLC}},
  volume = {12},
  number = {1},
  author = {Allison Piovesan and Francesca Antonaros and Lorenza Vitale and Pierluigi Strippoli and Maria Chiara Pelleri and Maria Caracausi},
  title = {Human protein-coding genes and gene feature statistics in 2019},
  journal = {{BMC} Research Notes}
}
@article{encode2012,
  doi = {10.1038/nature11247},
  url = {https://doi.org/10.1038/nature11247},
  year = {2012},
  month = sep,
  publisher = {Springer Science and Business Media {LLC}},
  volume = {489},
  number = {7414},
  author = {{The ENCODE Project Consortium}},
  pages = {57--74},
  title = {An integrated encyclopedia of {DNA} elements in the human genome},
  journal = {Nature}
}
@article{Turing1952,
  doi = {10.1098/rstb.1952.0012},
  url = {https://doi.org/10.1098/rstb.1952.0012},
  year = {1952},
  month = aug,
  publisher = {The Royal Society},
  author = {Alan Turing},
  volume = {237},
  number = {641},
  pages = {37--72},
  title = {The chemical basis of morphogenesis},
  journal = {Philosophical Transactions of the Royal Society of London. Series B,  Biological Sciences}
}
@article{White2017,
  doi = {10.7554/elife.30860},
  url = {https://doi.org/10.7554/elife.30860},
  year = {2017},
  month = nov,
  publisher = {{eLife} Sciences Publications,  Ltd},
  volume = {6},
  author = {Richard J White and John E Collins and Ian M Sealy and Neha Wali and Christopher M Dooley and Zsofia Digby and Derek L Stemple and Daniel N Murphy and Konstantinos Billis and Thibaut Hourlier and Anja F\"{u}llgrabe and Matthew P Davis and Anton J Enright and Elisabeth M Busch-Nentwich},
  title = {A high-resolution {mRNA} expression time course of embryonic development in zebrafish},
  journal = {{eLife}}
}
@article{Schneuwly1987,
  doi = {10.1038/325816a0},
  url = {https://doi.org/10.1038/325816a0},
  year = {1987},
  month = feb,
  publisher = {Springer Science and Business Media {LLC}},
  volume = {325},
  number = {6107},
  pages = {816--818},
  author = {Stephan Schneuwly and Roman Klemenz and Walter J. Gehring},
  title = {Redesigning the body plan of Drosophila by ectopic expression of the homoeotic gene Antennapedia},
  journal = {Nature}
}

@article{Weatherbee1998,
  doi = {10.1101/gad.12.10.1474},
  url = {https://doi.org/10.1101/gad.12.10.1474},
  year = {1998},
  month = may,
  publisher = {Cold Spring Harbor Laboratory},
  volume = {12},
  number = {10},
  pages = {1474--1482},
  author = {Scott D. Weatherbee and Georg Halder and Jaeseob Kim and Angela Hudson and Sean Carroll},
  title = {Ultrabithorax regulates genes at several levels of the wing-patterning hierarchy to shape the development of the Drosophila haltere},
  journal = {Genes {\&}amp Development}
}

@article{Harlaar2022,
  doi = {10.1038/s41551-021-00827-5},
  url = {https://doi.org/10.1038/s41551-021-00827-5},
  year = {2022},
  month = jan,
  publisher = {Springer Science and Business Media {LLC}},
  volume = {6},
  number = {4},
  pages = {389--402},
  author = {Niels Harlaar and Sven O. Dekker and Juan Zhang and Rebecca R. Snabel and Marieke W. Veldkamp and Arie O. Verkerk and Carla Cofi{\~{n}}o Fabres and Verena Schwach and Lente J. S. Lerink and Mathilde R. Rivaud and Aat A. Mulder and Willem E. Corver and Marie Jos{\'{e}} T. H. Goumans and Dobromir Dobrev and Robert J. M. Klautz and Martin J. Schalij and Gert Jan C. Veenstra and Robert Passier and Thomas J. van Brakel and Daniël A. Pijnappels and Antoine A. F. de Vries},
  title = {Conditional immortalization of human atrial myocytes for the generation of in vitro models of atrial fibrillation},
  journal = {Nature Biomedical Engineering}
}

@article{Tholen2023,
  doi = {10.1152/ajprenal.00199.2022},
  url = {https://doi.org/10.1152/ajprenal.00199.2022},
  year = {2023},
  month = feb,
  publisher = {American Physiological Society},
  volume = {324},
  number = {2},
  pages = {F211--F224},
  author = {Lotte E. Tholen and Femke Latta and Joost H. A. Martens and Joost G. J. Hoenderop and Jeroen H. F. de Baaij},
  title = {Transcription factor {HNF}1Beta controls a transcriptional network regulating kidney cell structure and tight junction integrity},
  journal = {American Journal of Physiology-Renal Physiology}
}
@article{SantosBarriopedro2021,
  doi = {10.1038/s41467-021-25338-4},
  url = {https://doi.org/10.1038/s41467-021-25338-4},
  year = {2021},
  month = aug,
  publisher = {Springer Science and Business Media {LLC}},
  volume = {12},
  number = {1},
  author = {Irene Santos-Barriopedro and Guido van Mierlo and Michiel Vermeulen},
  title = {Off-the-shelf proximity biotinylation for interaction proteomics},
  journal = {Nature Communications}
}
@article{Heuts2023,
  doi = {10.3390/cells12081195},
  url = {https://doi.org/10.3390/cells12081195},
  year = {2023},
  month = apr,
  publisher = {{MDPI} {AG}},
  volume = {12},
  number = {8},
  pages = {1195},
  author = {Branco M. H. Heuts and Saioa Arza-Apalategi and Sinne G. Alkema and Esther Tijchon and Laura Jussen and Saskia M. Bergevoet and Bert A. van der Reijden and Joost H. A. Martens},
  title = {Inducible {MLL}-{AF}9 Expression Drives an {AML} Program during Human Pluripotent Stem Cell-Derived Hematopoietic Differentiation},
  journal = {Cells}
}
@article{Wester2021,
  doi = {10.1016/j.isci.2021.103444},
  url = {https://doi.org/10.1016/j.isci.2021.103444},
  year = {2021},
  month = dec,
  publisher = {Elsevier {BV}},
  volume = {24},
  number = {12},
  pages = {103444},
  author = {Roelof A. Wester and Lisa van Voorthuijsen and Hannah K. Neikes and Jelmer J. Dijkstra and Lieke A. Lamers and Siebren Fr\"{o}lich and Maarten van der Sande and Colin Logie and Rik G.H. Lindeboom and Michiel Vermeulen},
  title = {Retinoic acid signaling drives differentiation toward the absorptive lineage in colorectal cancer},
  journal = {{iScience}}
}
@article{LunaVelez2023,
  doi = {10.1093/nar/gkac1236},
  url = {https://doi.org/10.1093/nar/gkac1236},
  year = {2023},
  month = jan,
  publisher = {Oxford University Press ({OUP})},
  volume = {51},
  number = {3},
  pages = {1277--1296},
  author = {Maria~V Luna~Velez and Hannah K Neikes and Rebecca R Snabel and Yarah Quint and Chen Qian and Aniek Martens and Gert~Jan~C Veenstra and Michael R Freeman and Simon~J van~Heeringen and Michiel Vermeulen},
  title = {{ONECUT}2 regulates {RANKL}-dependent enterocyte and microfold cell differentiation in the small intestine \& a multi-omics study},
  journal = {Nucleic Acids Research}
}
@article{Neikes2023,
  doi = {10.1038/s41587-023-01715-w},
  url = {https://doi.org/10.1038/s41587-023-01715-w},
  year = {2023},
  month = mar,
  publisher = {Springer Science and Business Media {LLC}},
  author = {Hannah K. Neikes and Katarzyna W. Kliza and Cathrin Gr\"{a}we and Roelof A. Wester and Pascal W. T. C. Jansen and Lieke A. Lamers and Marijke P. Baltissen and Simon J. van Heeringen and Colin Logie and Sarah A. Teichmann and Rik G. H. Lindeboom and Michiel Vermeulen},
  title = {Quantification of absolute transcription factor binding affinities in the native chromatin context using {BANC}-seq},
  journal = {Nature Biotechnology}
}
@article{Vierboom2021,
  doi = {10.1016/j.xcrm.2020.100185},
  url = {https://doi.org/10.1016/j.xcrm.2020.100185},
  year = {2021},
  month = jan,
  publisher = {Elsevier {BV}},
  volume = {2},
  number = {1},
  pages = {100185},
  author = {Michel P.M. Vierboom and Karin Dijkman and Claudia C. Sombroek and Sam O. Hofman and Charelle Boot and Richard A.W. Vervenne and Krista G. Haanstra and Maarten van der Sande and Liesbeth van Emst and Jorge Dom{\'{\i}}nguez-Andr{\'{e}}s and Simone J.C.F.M. Moorlag and Clemens H.M. Kocken and Jelle Thole and Esteban Rodr{\'{\i}}guez and Eugenia Puentes and Joost H.A. Martens and Reinout van Crevel and Mihai G. Netea and Nacho Aguilo and Carlos Martin and Frank A.W. Verreck},
  title = {Stronger induction of trained immunity by mucosal {BCG} or {MTBVAC} vaccination compared to standard intradermal vaccination},
  journal = {Cell Reports Medicine}
}
@article{Smits2020,
  doi = {10.3791/60905},
  url = {https://doi.org/10.3791/60905},
  year = {2020},
  month = may,
  publisher = {{MyJove} Corporation},
  number = {159},
  author = {Jos G.A. Smits and Jieqiong Qu and Hanna Niehues and Huiqing Zhou},
  title = {Characterization of In Vitro Differentiation of Human Primary Keratinocytes by {RNA}-Seq Analysis},
  journal = {Journal of Visualized Experiments}
}
@article{Smits2022,
  doi = {10.1101/2022.07.13.499857},
  url = {https://doi.org/10.1101/2022.07.13.499857},
  year = {2022},
  month = jul,
  publisher = {Cold Spring Harbor Laboratory},
  author = {Jos GA Smits and Dulce Lima Cunha and Jieqiong Qu and Nicholas Owen and Lorenz Latta and Nora Szentmary and Berthold Seitz and Lauriane N Roux and Mariya Moosajee and Daniel Aberdam and Simon J. van Heeringen and Huiqing Zhou},
  title = {Multi-omics analyses identify transcription factor interplay in corneal epithelial fate determination and disease}
}
@article{vanderSande2023,
  doi = {10.1042/bst20210145},
  url = {https://doi.org/10.1042/bst20210145},
  year = {2023},
  month = jan,
  publisher = {Portland Press Ltd.},
  volume = {51},
  number = {1},
  pages = {1--12},
  author = {Maarten van der Sande and Siebren Fr\"{o}lich and Simon J. van Heeringen},
  title = {Computational approaches to understand transcription regulation in development},
  journal = {Biochemical Society Transactions}
}

@misc{vanderSande2021,
  doi = {10.5281/ZENODO.5546255},
  url = {https://zenodo.org/record/5546255},
  author = {Van Der Sande,  Maarten and Van Heeringen,  Simon},
  keywords = {bioinformatics,  normalization,  quantile normalization,  python,  statistics},
  title = {Fast-ish (and correct!) quantile normalization in Python},
  publisher = {Zenodo},
  year = {2021},
  copyright = {Open Access}
}
@article{vanderSande2020,
  doi = {10.1016/j.ydbio.2019.12.012},
  url = {https://doi.org/10.1016/j.ydbio.2019.12.012},
  year = {2020},
  month = apr,
  publisher = {Elsevier {BV}},
  volume = {460},
  number = {2},
  pages = {176--186},
  author = {Maarten van der Sande and Yulia Kraus and Evelyn Houliston and Jaap Kaandorp},
  title = {A cell-based boundary model of gastrulation by unipolar ingression in the hydrozoan cnidarian Clytia hemisphaerica},
  journal = {Developmental Biology}
}
@article{Heuts2022,
  doi = {10.1038/s41598-022-21148-w},
  url = {https://doi.org/10.1038/s41598-022-21148-w},
  year = {2022},
  month = nov,
  publisher = {Springer Science and Business Media {LLC}},
  volume = {12},
  number = {1},
  author = {B. M. H. Heuts and S. Arza-Apalategi and S. Fr\"{o}lich and S. M. Bergevoet and S. N. van den Oever and S. J. van Heeringen and B. A. van der Reijden and J. H. A. Martens},
  title = {Identification of transcription factors dictating blood cell development using a bidirectional transcription network-based computational framework},
  journal = {Scientific Reports}
}
@article{Rother2023,
  doi = {10.1093/ndt/gfad063c_3830},
  url = {https://doi.org/10.1093/ndt/gfad063c_3830},
  year = {2023},
  month = jun,
  publisher = {Oxford University Press ({OUP})},
  volume = {38},
  number = {Supplement{\_}1},
  author = {Nils Rother and Cansu Yanginlar and Tomas Post and Maaike Jacobs and Inge Jonkman and Montsy Brouns and Maarten van der Sande and Sybren Rinzema and Joost Martens and Michiel Vermeulen and Leo Joosten and Mihai Netea and Luuk Hilbrands and Zaheeb Choudry and Johan Van Der Vlag and Raphael Duivenvoorden},
  title = {{\#}3830 {TRAINED} {INNATE} {IMMUNITY} {IN} {RESPONSE} {TO} {NUCLEAR} {ANTIGENS} {IN} {SYSTEMIC} {LUPUS} {ERYTHEMATOSUS}},
  journal = {Nephrology Dialysis Transplantation}
}

@article{Reske2020,
  doi = {10.1186/s13072-020-00342-y},
  url = {https://doi.org/10.1186/s13072-020-00342-y},
  year = {2020},
  month = apr,
  publisher = {Springer Science and Business Media {LLC}},
  volume = {13},
  number = {1},
  author = {Jake J. Reske and Mike R. Wilson and Ronald L. Chandler},
  title = {{ATAC}-seq normalization method can significantly affect differential accessibility analysis and interpretation},
  journal = {Epigenetics and Chromatin}
}

@article{Zalts2017,
  doi = {10.1038/s41559-017-0113},
  url = {https://doi.org/10.1038/s41559-017-0113},
  year = {2017},
  month = mar,
  publisher = {Springer Science and Business Media {LLC}},
  volume = {1},
  number = {5},
  author = {Harel Zalts and Itai Yanai},
  title = {Developmental constraints shape the evolution of the nematode mid-developmental transition},
  journal = {Nature Ecology and Evolution}
}

@article{Caveman2000,
  doi = {10.1242/jcs.113.14.2517},
  url = {https://doi.org/10.1242/jcs.113.14.2517},
  year = {2000},
  month = jul,
  publisher = {The Company of Biologists},
  volume = {113},
  number = {14},
  pages = {2517--2518},
  author = {Caveman A},
  title = {When it is time to have an old dogma put down},
  journal = {Journal of Cell Science}
}

@article{Whalen2021,
  doi = {10.1038/s41576-021-00434-9},
  url = {https://doi.org/10.1038/s41576-021-00434-9},
  year = {2021},
  month = nov,
  publisher = {Springer Science and Business Media {LLC}},
  volume = {23},
  number = {3},
  pages = {169--181},
  author = {Sean Whalen and Jacob Schreiber and William S. Noble and Katherine S. Pollard},
  title = {Navigating the pitfalls of applying machine learning in genomics},
  journal = {Nature Reviews Genetics}
}

@article{Hughes2002,
  doi = {10.1046/j.1525-142x.2002.02034.x},
  url = {https://doi.org/10.1046/j.1525-142x.2002.02034.x},
  year = {2002},
  month = nov,
  publisher = {Wiley},
  volume = {4},
  number = {6},
  pages = {459--499},
  author = {Cynthia L. Hughes and Thomas C. Kaufman},
  title = {Hox genes and the evolution of the arthropod body plan1},
  journal = {Evolution and Development}
}

@article{Gaunt2015,
  doi = {10.1387/ijdb.150223sg},
  url = {https://doi.org/10.1387/ijdb.150223sg},
  year = {2015},
  publisher = {{UPV}/{EHU} Press},
  volume = {59},
  number = {4-5-6},
  pages = {159--170},
  author = {Stephen J. Gaunt},
  title = {The significance of Hox gene collinearity},
  journal = {The International Journal of Developmental Biology}
}

@article{Chow1999,
  doi = {10.1242/dev.126.19.4213},
  url = {https://doi.org/10.1242/dev.126.19.4213},
  year = {1999},
  month = oct,
  publisher = {The Company of Biologists},
  volume = {126},
  number = {19},
  pages = {4213--4222},
  author = {Robert L. Chow and Curtis R. Altmann and Richard A. Lang and Ali Hemmati-Brivanlou},
  title = {Pax6 induces ectopic eyes in a vertebrate},
  journal = {Development}
}
@article{Graur2013,
  doi = {10.1093/gbe/evt028},
  url = {https://doi.org/10.1093/gbe/evt028},
  year = {2013},
  month = feb,
  publisher = {Oxford University Press ({OUP})},
  volume = {5},
  number = {3},
  pages = {578--590},
  author = {D. Graur and Y. Zheng and N. Price and R. B. R. Azevedo and R. A. Zufall and E. Elhaik},
  title = {On the Immortality of Television Sets: "Function" in the Human Genome According to the Evolution-Free Gospel of {ENCODE}},
  journal = {Genome Biology and Evolution}
}

@article{Levit2020,
  doi = {10.1186/s12983-020-00358-w},
  url = {https://doi.org/10.1186/s12983-020-00358-w},
  year = {2020},
  month = may,
  publisher = {Springer Science and Business Media {LLC}},
  volume = {17},
  number = {1},
  author = {Georgy S. Levit and Uwe Hossfeld},
  title = {Ernst Haeckel,  Nikolai Miklucho-Maclay and the racial controversy over the Papuans},
  journal = {Frontiers in Zoology}
}

@article{Haberle2018,
  doi = {10.1038/s41580-018-0028-8},
  url = {https://doi.org/10.1038/s41580-018-0028-8},
  year = {2018},
  month = jun,
  publisher = {Springer Science and Business Media {LLC}},
  volume = {19},
  number = {10},
  pages = {621--637},
  author = {Vanja Haberle and Alexander Stark},
  title = {Eukaryotic core promoters and the functional basis of transcription initiation},
  journal = {Nature Reviews Molecular Cell Biology}
}

@article{Spitz2012,
  doi = {10.1038/nrg3207},
  url = {https://doi.org/10.1038/nrg3207},
  year = {2012},
  month = aug,
  publisher = {Springer Science and Business Media {LLC}},
  volume = {13},
  number = {9},
  pages = {613--626},
  author = {Fran{\c{c}}ois Spitz and Eileen E. M. Furlong},
  title = {Transcription factors: from enhancer binding to developmental control},
  journal = {Nature Reviews Genetics}
}

@article{Richards2008,
  doi = {10.1007/s10539-008-9140-z},
  url = {https://doi.org/10.1007/s10539-008-9140-z},
  year = {2008},
  month = nov,
  publisher = {Springer Science and Business Media {LLC}},
  volume = {24},
  number = {1},
  pages = {147--154},
  author = {Robert J. Richards},
  title = {Haeckel's embryos: fraud not proven},
  journal = {Biology and Philosophy}
}

@article{Pennisi1997,
  doi = {10.1126/science.277.5331.1435a},
  url = {https://doi.org/10.1126/science.277.5331.1435a},
  year = {1997},
  month = sep,
  publisher = {American Association for the Advancement of Science ({AAAS})},
  volume = {277},
  number = {5331},
  pages = {1435--1435},
  author = {Elizabeth Pennisi},
  title = {Haeckel's Embryos: Fraud Rediscovered},
  journal = {Science}
}